2791 4761
2055 156 2064 165 '
2094 176 2114 233 t

1382 292 1492 361 ΒΟ

396 444 620 523 malis
661 440 1030 540 explicare
1049 496 1071 531 ,
1120 464 1348 539 quam
1379 438 1567 539 quid
1612 462 1786 514 vene
1829 440 1925 514 iis
1972 438 2200 532 insit,
2245 441 2489 534 libere

399 551 664 636 dicere,
698 544 916 620 haud·
937 542 1168 616 dubie
1203 543 1348 615 hoc
1378 542 1801 637 continent,
1839 537 2217 617 offensum
2246 542 2491 631 fuisse

395 659 763 729 Ioannem
797 646 1215 742 Baptistam
1245 669 1329 716 ea
1359 644 1650 727 ratione
1682 668 1769 717 ac
1799 645 1957 733 via,
2012 669 2241 741 quarn
2276 648 2490 721 Chri.

398 770 565 849 stus
599 751 682 823 in
713 772 935 845 opere
969 771 1109 820 suo
1146 745 1607 842 perficiendo
1633 767 1999 844 sequutus
2034 766 2264 838 esset,-
2291 746 2489 837 e'ius-

326 844 334 859 ’
399 880 551 953 que
597 849 911 945 consilia
944 848 1028 921 in
1078 847 1686 935 administrando·
1726 873 2042 923 munere
2089 852 2485 927 Messiann

291 971 304 984 ·
394 958 525 1032 vel
593 978 759 1051 non
814 948 1232 1047 perspicere
1293 949 1511 1039 satis,
1583 949 1727 1055 vel⁸
1764 949 2212 1045 improbare.
2314 953 2489 1047 Etsi

331 1064 336 1071 ’
396 1060 602 1132 enim
632 1058 794 1148 non
829 1052 1035 1124 hunc
1063 1052 1581 1131 sensum,huic
1615 1052 2036 1148 quaestioni
2075 1052 2325 1141 inesse
2373 1050 2487 1125 di-

394 1159 671 1245 xerim,
702 1156 705 1157 ᾗ
732 1179 899 1254 non
948 1153 1269 1257 ulterius
1321 1178 1462 1249 pro
1507 1144 1792 1229 Messia
1836 1150 2181 1228 habitum
2233 1179 2395 1229 esse
2440 1179 2486 1239 a

394 1264 682 1337 Ioanne
727 1253 1111 1356 Christum
1140 1252 1258 1349 *)’,
1306 1271 1567 1327 tamen
1607 1255 1730 1328 vir
1776 1254 2178 1351 impatiens
2225 1281 2487 1333 morae

394 1363 760 1462 regnique
805 1355 1171 1430 Messiani
1229 1354 1642 1431 luculenta.
1683 1354 1900 1429 initia
1962 1357 2181 1431 avide
2227 1383 2487 1455 exspe-

396 1484 608 1544 ctans
653 1484 818 1533 non
861 1475 1164 1533 tantum
1200 1457 1516 1530 celerius
1548 1475 1625 1532 et
1657 1457 2009 1571 audacius
2048 1461 2487 1567 aggredien-

545 1724 804 1783 natura,
842 1724 972 1766 nec
1009 1707 1079 1766 in
1110 1702 1347 1767 Christi
1369 1711 1808 1786 responsione
1842 1709 2117 1788 reperiri
2142 1688 2485 1790 vestigium

549 1785 759 1868 (hanc
800 1786 974 1843 enim
1015 1781 1201 1863 quod
1251 1787 1485 1845 attinet
1521 1781 1713 1843 Mtth.
1750 1783 1797 1844 l.
1839 1803 1893 1846 c.
1931 1803 1991 1845 v.
2031 1790 2094 1861 4.
2145 1785 2388 1853 Ι.ιιο..1’.
2413 1806 2486 1849 ·c.
2555 1804 2570 1821 ·

456 3248 469 3310 ss
564 3231 699 3296 'uas
730 3250 1112 3293 enumerare
1144 3223 1327 3290 hunc
1350 3250 1491 3291 non
1524 3235 1703 3290 iuvat
1746 3244 1811 3288 et
1840 3228 2104 3291 uberius
2134 3239 2479 3293 recensuit
2537 3271 2544 3276 -

2105 3325 2133 3346 ,,

541 1894 603 1932 v,
644 1892 739 1930 22,
778 1856 1242 1944 ἂπαγγείλᾳτε
1282 1856 1552 1945 Ἰωάννη
1593 1881 1714 1927 etc.
1756 1883 1992 1947 aperte
2033 1865 2132 1926 ad
2154 1870 2486 1929 loannem

546 1952 759 2029 ipsum
791 1947 1191 2003 convertitur
1233 1943 1498 2019 cratim:
1552 1938 1666 2022 qui
1703 1943 1968 2001 tandem
2005 1942 2318 2003 credibile
2360 1960 2482 2018 est,

542 2046 574 2085 s
625 2027 895 2089 eratisse
933 2017 1251 2079 Ioannem
1290 2016 1641 2094 Baptistam
1661 2056 1684 2090 ,
1717 2016 1928 2095 'fore,⁸
1977 2033 2049 2077 ut
2092 2015 2327 2079 Christi
2379 2024 2484 2100 ipe

456 2106 461 2113 ‘
512 2120 675 2163 ·sius
728 2096 913 2156 dictis
965 2094 1289 2170 factisque
1341 2093 1811 2171 discipulorum
1861 2094 2306 2155 incredulitati
2343 2116 2486 2157 rne-

550 2175 699 2236 dela
738 2167 1098 2245 afferretur,
1139 2183 1571 2249 posteaquam
1610 2167 1730 2229 sibi
1775 2175 2119 2251 magistro,
2168 2191 2368 2249 quem,
2406 2175 2483 2234 in.

547 2250 795 2312 deliciis
838 2244 1189 2317 haberent,
1242 2243 1572 2305 uberrima
1614 2244 1698 2321 de
1735 2245 2062 2305 Messiana
2103 2250 2224 2306 viri
2266 2246 2484 2329 digni-

545 2343 679 2389 tate
729 2326 1101 2385 testimonia
1152 2319 1413 2394 edenti,
1469 2324 1739 2380 minime
1780 2321 2004 2382 faciles
2054 2341 2240 2383 aures
2289 2342 2484 2402 prae-

543 2404 858 2466 buissent.
884 2467 891 2472 ¹
933 2398 1317 2476 Praesertim
1346 2400 1399 2458 si
1425 2403 1652 2458 verum
1684 2412 1810 2472 est,
1854 2396 2041 2477 quod
2070 2418 2217 2458 curu
2254 2404 2481 2460 conie-

551 2495 733 2539 ctura
767 2471 1113 2555 probabile
1157 2486 1283 2545 est,
1328 2488 1480 2532 *tum
1527 2471 1916 2552 quibusdam
1961 2477 2154 2533 etiam
2195 2479 2479 2558 vestigiis

542 2552 908 2622 indicatur,
978 2548 1283 2609 invidisse
1351 2548 1758 2629 aliquantum
1813 2547 2048 2609 Christi
2112 2555 2485 2612 auctoritati

542 2631 827 2693 Ioannis'
864 2624 1220 2704 discipulos
1277 2638 1344 2683 et
1369 2624 1655 2686 dissidia
1699 2644 1776 2683 ex
1823 2625 2278 2685 aemulatione
2303 2631 2482 2686 inter

543 2710 883 2784 utriusque
913 2700 1198 2762 doctoris
1221 2715 1574 2761 sectatores
1594 2697 1879 2762 subinde
1913 2716 2137 2761 exorta
2164 2721 2320 2764 esse.
2374 2703 2480 2765 Cf.

496 2783 640 2845 ¹10.
671 2791 743 2856 5,
787 2779 885 2842 26».
946 2778 1108 2839 Luc.
1143 2782 1217 2850 5,
1256 2786 1353 2847 53.
1405 2774 1599 2842 Mtth.
1639 2794 1713 2855 9,
1759 2782 1851 2853 ¹4·
1923 2775 2232 2850 Accedit,
2291 2778 2480 2857 quod

545 2851 780 2919 Christi
803 2856 975 2914 facta
999 2853 1264 2913 Ioannis
1295 2851 1624 2931 discipulis
1655 2848 1934 2911 aliunde
1957 2856 2104 2911 satis
2132 2868 2345 2912 essent
2367 2874 2480 2913 co-

543 2939 753 3017 gnita:
821 2934 956 2990 imo
1015 2926 1385 2990 abeorum
1440 2927 1753 3008 adspectu
1804 2941 2100 2988 recentes
2145 2927 2230 2988 ad
2271 2949 2374 2988 ma
2426 2933 2481 2988 i·

542 3026 744 3072 strum
794 3009 867 3065 in
917 3003 1181 3065 vincula
1238 3010 1609 3063 coniectum
1663 3007 1911 3070 venisse
1950 3003 2278 3062 videntur.
2427 3006 2476 3065 f.

540 3087 699 3145 Luc.
726 3100 787 3159 7,
835 3089 924 3151 ¹8·
960 3111 1041 3126 -—
1111 3079 1193 3141 V.
1232 3080 1624 3140 meroo‘r.
1663 3081 1913 3140 inHor.
1938 3079 2118 3138 hebr.
2153 3078 2239 3138 ad
2266 3080 2475 3144 meh.

540 3160 586 3221 l.
625 3171 680 3220 c'.
755 3155 915 3218 Aliis
951 3159 1143 3218 etiam
1173 3157 1385 3234 patuit
1408 3159 1480 3214 in
1512 3152 1636 3214 hac
1660 3174 1733 3215 re
1763 3171 2026 3232 campus
2059 3158 2472 3240 coniecturis,

530 3313 536 3320 '
601 3325 869 3391 umoris„
888 3311 964 3368 in
1003 3308 1253 3371 comm.
1293 3306 1380 3366 ad
1414 3306 1619 3370 ΜιιΙι.
1656 3305 1701 3368 l.
1742 3325 1796 3366 c.

419 3439 487 3519 θ’)
527 3434 732 3517 Quod
756 3436 1048 3514 inprimis
1078 3446 1434 3511 propterea
1459 3434 1654 3491 statui
1679 3433 1950 3510 nequit,
2089 3429 2179 3491 od
2189 3427 2213 3506 ',
2253 3434 2307 3493 si
2346 3431 2476 3494 hoc

539 3512 682 3594 ipso
711 3525 1007 3588 tempore
1030 3507 1313 3569 Ioannes
1331 3505 1654 3569 Christum
1675 3504 1983 3567 Pseudo·
2078 3513 2305 3568 essiam
2335 3519 2475 3570 esse

530 3588 982 3661 iudicavisset,
1021 3582 1312 3662 ideoque
1342 3582 1452 3643 vel
1488 3586 1950 3661 impostorem,
1989 3582 2096 3642 vel
2133 3581 2474 3645 hominem

537 3665 934 3735 fanaticum,
970 3659 1371 3721 Messianum
1399 3678 1650 3719 nomen
1678 3671 1924 3718 temere
1963 3655 2089 3718 sibi
2135 3659 2476 3722 vindicen-

540 3753 709 3812 tem,
742 3743 893 3800 'non
933 3738 1252 3815 potuisset
1286 3739 1414 3804 nisi
1448 3732 1853 3814 perabsurde
1899 3733 1984 3794 de
2026 3731 2329 3814 hac-ipsa
2370 3755 2472 3810 re,

538 3830 701 3876 num
727 3815 811 3874 sit
834 3832 986 3884 vere
1012 3811 1316 3884 Messias,
1356 3830 1480 3888 per
1509 3807 1865 3886 discipulos
1909 3829 1986 3869 ex
2013 3828 2095 3870 eo
2128 3828 2473 3889 quaerere.

539 3892 599 3951 A
626 3889 742 3951 tali
771 3892 944 3948 enirn
974 3884 1245 3947 homine
1289 3885 1497 3967 qualis
1539 3898 1707 3946 esset
1727 3888 2066 3964 responsio
2097 3901 2477 3963 exspectan-

541 3965 649 4051 da,
690 3961 1078 4045 praevidisse
1100 3960 1406 4024 debebat.
1452 3960 1535 4021 Id
1560 3959 1744 4040 quod
1776 3975 1966 4021 acute
1993 3958 2158 4020 vidit
2182 3961 2473 4022 Mmmm-
2531 3958 2552 3971 ⁹

402 4043 407 4050 ’
473 4046 479 4052 ’
538 4059 634 4102 :us
671 4045 744 4104 in
769 4036 1054 4103 Adnoce.
1104 4037 1190 4098 ad
1228 4035 1291 4097 h.
1334 4029 1381 4098 1.
1424 4055 1710 4116 eurnque
1747 4050 2061 4116 sequutus
2103 4037 2346 4112 PAums
2399 4044 2474 4097 in

539 4119 793 4181 Comm.
833 4115 920 4178 ad
940 4111 1015 4177 h.
1040 4112 1087 4176 1.
1113 4113 1195 4176 V.
1223 4111 1851 4206 Scaoxmemrflor.
1878 4109 2088 4176 Hebr,
2119 4110 2206 4171 ad
2232 4108 2297 4174 h.
2336 4110 2384 4173 1.
