<?xml version="1.0" encoding="UTF-8"?>
<!DOCTYPE html PUBLIC "-//W3C//DTD XHTML 1.0 Transitional//EN"
    "http://www.w3.org/TR/xhtml1/DTD/xhtml1-transitional.dtd">
<html xmlns="http://www.w3.org/1999/xhtml" xml:lang="en" lang="en">
 <head>
  <title>
</title>
<meta http-equiv="Content-Type" content="text/html;charset=utf-8" />
  <meta name='ocr-system' content='tesseract 3.04.00' />
  <meta name='ocr-capabilities' content='ocr_page ocr_carea ocr_par ocr_line ocrx_word'/>
</head>
<body>
  <div class='ocr_page' id='page_1' title='image "./deregnodivinoli01flecgoog/deregnodivinoli01flecgoog_0491.png"; bbox 0 0 2791 4761; ppageno 0'>
   <div class='ocr_carea' id='block_1_1' title="bbox 889 271 1728 369">
    <p class='ocr_par' dir='ltr' id='par_1_1' title="bbox 889 271 1728 369">
     <span class='ocr_line' id='line_1_1' title="bbox 889 271 1728 369; baseline -0.017 1"><span class='ocrx_word' id='word_1_1' title='bbox 889 271 1728 369; x_wconf 45' lang='lat' dir='ltr'><strong>*mvsa—*-</strong></span> 
     </span>
    </p>
   </div>
   <div class='ocr_carea' id='block_1_2' title="bbox 170 410 2354 840">
    <p class='ocr_par' dir='ltr' id='par_1_2' title="bbox 170 410 2354 840">
     <span class='ocr_line' id='line_1_2' title="bbox 170 410 2348 553; baseline -0.003 -34.879"><span class='ocrx_word' id='word_1_2' title='bbox 170 443 330 539; x_wconf 71' lang='lat' dir='ltr'><strong>tis</strong></span> <span class='ocrx_word' id='word_1_3' title='bbox 389 441 511 532; x_wconf 74' lang='lat' dir='ltr'><strong>vi,</strong></span> <span class='ocrx_word' id='word_1_4' title='bbox 588 462 745 538; x_wconf 74' lang='lat' dir='ltr'><strong>qua</strong></span> <span class='ocrx_word' id='word_1_5' title='bbox 795 464 1128 553; x_wconf 77' lang='lat' dir='ltr'><strong>praesens</strong></span> <span class='ocrx_word' id='word_1_6' title='bbox 1179 410 1522 515; x_wconf 79' lang='lat' dir='ltr'>dilexerit</span> <span class='ocrx_word' id='word_1_7' title='bbox 1568 462 1759 513; x_wconf 82' lang='lat' dir='ltr'><strong>suos.</strong></span> <span class='ocrx_word' id='word_1_8' title='bbox 1860 442 2104 513; x_wconf 81' lang='lat' dir='ltr'><strong>Vocat</strong></span> <span class='ocrx_word' id='word_1_9' title='bbox 2143 458 2348 534; x_wconf 80' lang='lat' dir='ltr'><strong>prae-</strong></span> 
     </span>
     <span class='ocr_line' id='line_1_3' title="bbox 210 541 2348 644; baseline -0.003 -25"><span class='ocrx_word' id='word_1_10' title='bbox 210 564 543 644; x_wconf 85' lang='lat' dir='ltr'><strong>ceptum</strong></span> <span class='ocrx_word' id='word_1_11' title='bbox 595 569 904 637; x_wconf 85' lang='lat' dir='ltr'><strong>novum,</strong></span> <span class='ocrx_word' id='word_1_12' title='bbox 996 543 1197 640; x_wconf 88' lang='lat' dir='ltr'><strong>quod</strong></span> <span class='ocrx_word' id='word_1_13' title='bbox 1247 566 1457 615; x_wconf 84' lang='lat' dir='ltr'><strong>amor</strong></span> <span class='ocrx_word' id='word_1_14' title='bbox 1508 558 1783 639; x_wconf 74' lang='lat' dir='ltr'><strong>tantus,</strong></span> <span class='ocrx_word' id='word_1_15' title='bbox 1863 557 2018 613; x_wconf 82' lang='lat' dir='ltr'><strong>tam</strong></span> <span class='ocrx_word' id='word_1_16' title='bbox 2068 541 2348 627; x_wconf 79' lang='lat' dir='ltr'><strong>ardens,</strong></span> 
     </span>
     <span class='ocr_line' id='line_1_4' title="bbox 212 643 2350 744; baseline -0.005 -22"><span class='ocrx_word' id='word_1_17' title='bbox 212 665 396 722; x_wconf 85' lang='lat' dir='ltr'><strong>tam</strong></span> <span class='ocrx_word' id='word_1_18' title='bbox 449 672 673 744; x_wconf 84' lang='lat' dir='ltr'><strong>purus</strong></span> <span class='ocrx_word' id='word_1_19' title='bbox 725 648 1189 742; x_wconf 74' lang='lat' dir='ltr'><strong>sincerasque</strong></span> <span class='ocrx_word' id='word_1_20' title='bbox 1237 669 1388 717; x_wconf 87' lang='lat' dir='ltr'><strong>non</strong></span> <span class='ocrx_word' id='word_1_21' title='bbox 1430 661 1598 716; x_wconf 88' lang='lat' dir='ltr'><strong>ante</strong></span> <span class='ocrx_word' id='word_1_22' title='bbox 1658 645 1739 716; x_wconf 90' lang='lat' dir='ltr'><strong>in</strong></span> <span class='ocrx_word' id='word_1_23' title='bbox 1807 643 2088 721; x_wconf 84' lang='lat' dir='ltr'><strong>animos</strong></span> <span class='ocrx_word' id='word_1_24' title='bbox 2154 666 2350 737; x_wconf 85' lang='lat' dir='ltr'><strong>mor-</strong></span> 
     </span>
     <span class='ocr_line' id='line_1_5' title="bbox 219 743 2354 840; baseline -0.005 -16"><span class='ocrx_word' id='word_1_25' title='bbox 219 754 514 824; x_wconf 85' lang='lat' dir='ltr'><strong>talium</strong></span> <span class='ocrx_word' id='word_1_26' title='bbox 566 766 882 821; x_wconf 82' lang='lat' dir='ltr'><strong>venerat.</strong></span> <span class='ocrx_word' id='word_1_27' title='bbox 984 753 1051 819; x_wconf 88' lang='lat' dir='ltr'><strong>Is</strong></span> <span class='ocrx_word' id='word_1_28' title='bbox 1097 764 1253 818; x_wconf 89' lang='lat' dir='ltr'><strong>erat</strong></span> <span class='ocrx_word' id='word_1_29' title='bbox 1296 747 1593 840; x_wconf 71' lang='lat' dir='ltr'><strong>signum</strong></span> <span class='ocrx_word' id='word_1_30' title='bbox 1646 747 2133 818; x_wconf 80' lang='lat' dir='ltr'><strong>certissimum</strong></span> <span class='ocrx_word' id='word_1_31' title='bbox 2171 743 2354 815; x_wconf 87' lang='lat' dir='ltr'><strong>ami-</strong></span> 
     </span>
    </p>
   </div>
   <div class='ocr_carea' id='block_1_3' title="bbox 225 840 2446 1345">
    <p class='ocr_par' dir='ltr' id='par_1_3' title="bbox 225 840 2446 1345">
     <span class='ocr_line' id='line_1_6' title="bbox 225 840 2352 972; baseline -0.005 -45"><span class='ocrx_word' id='word_1_32' title='bbox 225 878 512 926; x_wconf 84' lang='lat' dir='ltr'><strong>corum</strong></span> <span class='ocrx_word' id='word_1_33' title='bbox 560 857 918 938; x_wconf 76' lang='lat' dir='ltr'><strong>Iesu.13‚</strong></span> <span class='ocrx_word' id='word_1_34' title='bbox 972 869 1090 935; x_wconf 76' lang='lat'><strong>35.</strong></span> <span class='ocrx_word' id='word_1_35' title='bbox 1143 840 1241 922; x_wconf 80' lang='grc' dir='ltr'><strong>ἐν.</strong></span> <span class='ocrx_word' id='word_1_36' title='bbox 1261 845 1535 971; x_wconf 77' lang='grc' dir='ltr'><em>τούτῳ</em></span> <span class='ocrx_word' id='word_1_37' title='bbox 1576 845 2019 972; x_wconf 79' lang='grc' dir='ltr'><em>γνώσονται</em></span> <span class='ocrx_word' id='word_1_38' title='bbox 2056 843 2352 933; x_wconf 77' lang='grc' dir='ltr'><strong><em>πάντες,</em></strong></span> 
     </span>
     <span class='ocr_line' id='line_1_7' title="bbox 231 942 2446 1053; baseline -0.004 -23"><span class='ocrx_word' id='word_1_39' title='bbox 231 955 374 1030; x_wconf 81' lang='grc' dir='ltr'><strong>ὅτι</strong></span> <span class='ocrx_word' id='word_1_40' title='bbox 445 947 617 1043; x_wconf 77' lang='grc' dir='ltr'><em>ἐμοὶ</em></span> <span class='ocrx_word' id='word_1_41' title='bbox 677 952 1032 1047; x_wconf 72' lang='grc' dir='ltr'><strong><em>μαθηταί</em></strong></span> <span class='ocrx_word' id='word_1_42' title='bbox 1103 944 1323 1038; x_wconf 78' lang='grc' dir='ltr'><strong>ἐστε,</strong></span> <span class='ocrx_word' id='word_1_43' title='bbox 1404 944 1535 1023; x_wconf 81' lang='grc' dir='ltr'><strong>ἐὰν</strong></span> <span class='ocrx_word' id='word_1_44' title='bbox 1600 947 1899 1053; x_wconf 70' lang='grc' dir='ltr'><em>ἀγάπην</em></span> <span class='ocrx_word' id='word_1_45' title='bbox 1964 946 2202 1045; x_wconf 75' lang='grc' dir='ltr'><strong><em>ἔχητε</em></strong></span> <span class='ocrx_word' id='word_1_46' title='bbox 2277 943 2351 1022; x_wconf 68' lang='grc' dir='ltr'><strong>ἐν</strong></span> <span class='ocrx_word' id='word_1_47' title='bbox 2439 942 2446 959; x_wconf 91' lang='grc'>’</span> 
     </span>
     <span class='ocr_line' id='line_1_8' title="bbox 237 1052 2356 1148; baseline -0.002 -18"><span class='ocrx_word' id='word_1_48' title='bbox 237 1052 649 1145; x_wconf 72' lang='grc' dir='ltr'>ἀλλήλοις.</span> <span class='ocrx_word' id='word_1_49' title='bbox 748 1056 887 1126; x_wconf 87' lang='lat' dir='ltr'><strong>Sed</strong></span> <span class='ocrx_word' id='word_1_50' title='bbox 948 1054 1125 1123; x_wconf 87' lang='lat' dir='ltr'><strong>haec</strong></span> <span class='ocrx_word' id='word_1_51' title='bbox 1189 1052 1677 1148; x_wconf 85' lang='lat' dir='ltr'>praecipiens,</span> <span class='ocrx_word' id='word_1_52' title='bbox 1755 1052 1948 1124; x_wconf 84' lang='lat' dir='ltr'><strong>intra</strong></span> <span class='ocrx_word' id='word_1_53' title='bbox 2013 1067 2356 1148; x_wconf 79' lang='lat' dir='ltr'><strong>angustos</strong></span> 
     </span>
     <span class='ocr_line' id='line_1_9' title="bbox 236 1148 2359 1243; baseline -0.005 -11"><span class='ocrx_word' id='word_1_54' title='bbox 236 1158 441 1232; x_wconf 77' lang='lat' dir='ltr'><strong>fines</strong></span> <span class='ocrx_word' id='word_1_55' title='bbox 489 1156 933 1243; x_wconf 82' lang='lat' dir='ltr'>continuisse</span> <span class='ocrx_word' id='word_1_56' title='bbox 982 1155 1277 1226; x_wconf 84' lang='lat' dir='ltr'><strong>videtur</strong></span> <span class='ocrx_word' id='word_1_57' title='bbox 1324 1154 1594 1229; x_wconf 84' lang='lat' dir='ltr'><strong>amoris</strong></span> <span class='ocrx_word' id='word_1_58' title='bbox 1644 1148 1972 1227; x_wconf 88' lang='lat' dir='ltr'><strong>fructum</strong></span> <span class='ocrx_word' id='word_1_59' title='bbox 2024 1170 2101 1225; x_wconf 87' lang='lat' dir='ltr'><strong>et</strong></span> <span class='ocrx_word' id='word_1_60' title='bbox 2154 1177 2359 1223; x_wconf 84' lang='lat' dir='ltr'><strong>exer·-</strong></span> 
     </span>
     <span class='ocr_line' id='line_1_10' title="bbox 241 1253 2359 1345; baseline -0.004 -12"><span class='ocrx_word' id='word_1_61' title='bbox 241 1257 575 1333; x_wconf 70' lang='lat' dir='ltr'><strong>citium?</strong></span> <span class='ocrx_word' id='word_1_62' title='bbox 604 1278 619 1294; x_wconf 84' lang='lat'><em>⁰</em></span> <span class='ocrx_word' id='word_1_63' title='bbox 679 1258 1207 1343; x_wconf 84' lang='lat' dir='ltr'><strong>Concederem,</strong></span> <span class='ocrx_word' id='word_1_64' title='bbox 1282 1256 1431 1328; x_wconf 83' lang='lat' dir='ltr'><strong>nisi</strong></span> <span class='ocrx_word' id='word_1_65' title='bbox 1476 1253 2359 1345; x_wconf 57' lang='lat' dir='ltr'><strong>familiarium,„futuro·</strong></span> 
     </span>
    </p>
   </div>
   <div class='ocr_carea' id='block_1_4' title="bbox 242 1358 2359 1584">
    <p class='ocr_par' dir='ltr' id='par_1_4' title="bbox 242 1358 2359 1559">
     <span class='ocr_line' id='line_1_11' title="bbox 242 1358 2359 1437; baseline -0.004 0"><span class='ocrx_word' id='word_1_66' title='bbox 242 1388 424 1437; x_wconf 87' lang='lat' dir='ltr'><strong>rum</strong></span> <span class='ocrx_word' id='word_1_67' title='bbox 480 1363 868 1433; x_wconf 85' lang='lat' dir='ltr'><strong>doctorum</strong></span> <span class='ocrx_word' id='word_1_68' title='bbox 928 1375 1229 1433; x_wconf 79' lang='lat' dir='ltr'><strong>conatus</strong></span> <span class='ocrx_word' id='word_1_69' title='bbox 1293 1358 1388 1433; x_wconf 80' lang='lat' dir='ltr'><strong>ad</strong></span> <span class='ocrx_word' id='word_1_70' title='bbox 1462 1358 1712 1431; x_wconf 21' lang='lat' dir='ltr'><strong>socios*</strong></span> <span class='ocrx_word' id='word_1_71' title='bbox 1740 1361 2103 1433; x_wconf 80' lang='lat' dir='ltr'><strong>humanae</strong></span> <span class='ocrx_word' id='word_1_72' title='bbox 2150 1374 2359 1431; x_wconf 87' lang='lat' dir='ltr'><strong>natu-</strong></span> 
     </span>
     <span class='ocr_line' id='line_1_12' title="bbox 244 1462 970 1584; baseline -0.007 -46"><span class='ocrx_word' id='word_1_73' title='bbox 244 1478 380 1538; x_wconf 74' lang='lat' dir='ltr'><strong>fae</strong></span> <span class='ocrx_word' id='word_1_74' title='bbox 428 1462 970 1584; x_wconf 82' lang='lat' dir='ltr'><strong>pertinuissent.</strong></span> 
     </span>
    </p>
   </div>
   <div class='ocr_carea' id='block_1_5' title="bbox 156 1558 2446 3191">
    <p class='ocr_par' dir='ltr' id='par_1_5' title="bbox 156 1558 2446 2377">
     <span class='ocr_line' id='line_1_13' title="bbox 413 1558 2362 1664; baseline -0.002 -27"><span class='ocrx_word' id='word_1_75' title='bbox 413 1573 518 1637; x_wconf 89' lang='lat' dir='ltr'><strong>Ea</strong></span> <span class='ocrx_word' id='word_1_76' title='bbox 570 1558 839 1664; x_wconf 74' lang='grc' dir='ltr'><strong><em>ἀγάπη</em></strong></span> <span class='ocrx_word' id='word_1_77' title='bbox 907 1563 1228 1635; x_wconf 88' lang='lat' dir='ltr'><strong>cernitur</strong></span> <span class='ocrx_word' id='word_1_78' title='bbox 1291 1564 1659 1637; x_wconf 77' lang='lat' dir='ltr'><strong>servandis</strong></span> <span class='ocrx_word' id='word_1_79' title='bbox 1726 1563 2128 1662; x_wconf 80' lang='lat' dir='ltr'><strong>praeceptis</strong></span> <span class='ocrx_word' id='word_1_80' title='bbox 2194 1564 2362 1635; x_wconf 85' lang='lat' dir='ltr'><strong>Iesu</strong></span> 
     </span>
     <span class='ocr_line' id='line_1_14' title="bbox 245 1666 2362 1763; baseline -0.005 -17"><span class='ocrx_word' id='word_1_81' title='bbox 245 1667 617 1755; x_wconf 83' lang='lat' dir='ltr'><strong>.Messiae,</strong></span> <span class='ocrx_word' id='word_1_82' title='bbox 673 1690 859 1762; x_wconf 89' lang='lat' dir='ltr'><strong>quae</strong></span> <span class='ocrx_word' id='word_1_83' title='bbox 903 1667 1048 1737; x_wconf 90' lang='lat' dir='ltr'><strong>Dei</strong></span> <span class='ocrx_word' id='word_1_84' title='bbox 1089 1682 1453 1756; x_wconf 75' lang='lat' dir='ltr'><strong>sunt.14,</strong></span> <span class='ocrx_word' id='word_1_85' title='bbox 1494 1687 1651 1752; x_wconf 84' lang='grc' dir='ltr'><strong>ι5.</strong></span> <span class='ocrx_word' id='word_1_86' title='bbox 1712 1667 1994 1763; x_wconf 82' lang='lat' dir='ltr'><strong>Quibus</strong></span> <span class='ocrx_word' id='word_1_87' title='bbox 2039 1666 2171 1763; x_wconf 87' lang='lat' dir='ltr'><strong>qui</strong></span> <span class='ocrx_word' id='word_1_88' title='bbox 2200 1690 2362 1736; x_wconf 83' lang='lat' dir='ltr'><strong>can-</strong></span> 
     </span>
     <span class='ocr_line' id='line_1_15' title="bbox 261 1767 2366 1865; baseline -0.004 -21"><span class='ocrx_word' id='word_1_89' title='bbox 261 1771 441 1845; x_wconf 83' lang='lat' dir='ltr'><strong>dide</strong></span> <span class='ocrx_word' id='word_1_90' title='bbox 492 1768 723 1841; x_wconf 89' lang='lat' dir='ltr'><strong>dediti</strong></span> <span class='ocrx_word' id='word_1_91' title='bbox 775 1767 1076 1858; x_wconf 82' lang='lat' dir='ltr'><strong>vivunt,</strong></span> <span class='ocrx_word' id='word_1_92' title='bbox 1128 1769 1465 1841; x_wconf 85' lang='lat' dir='ltr'><strong>adiutore</strong></span> <span class='ocrx_word' id='word_1_93' title='bbox 1514 1768 1776 1865; x_wconf 88' lang='lat' dir='ltr'><strong>spiritu</strong></span> <span class='ocrx_word' id='word_1_94' title='bbox 1841 1770 2120 1858; x_wconf 79' lang='lat' dir='ltr'><strong>divine,</strong></span> <span class='ocrx_word' id='word_1_95' title='bbox 2175 1767 2366 1838; x_wconf 82' lang='lat' dir='ltr'><strong>veri-</strong></span> 
     </span>
     <span class='ocr_line' id='line_1_16' title="bbox 259 1867 2366 1969; baseline -0.002 -25"><span class='ocrx_word' id='word_1_96' title='bbox 259 1890 496 1945; x_wconf 83' lang='lat' dir='ltr'><strong>tatem</strong></span> <span class='ocrx_word' id='word_1_97' title='bbox 554 1870 1012 1944; x_wconf 75' lang='lat' dir='ltr'><strong>ministrante</strong></span> <span class='ocrx_word' id='word_1_98' title='bbox 1061 1872 1820 1946; x_wconf 79' lang='lat' dir='ltr'><strong>vivent.v.16.·-—</strong></span> <span class='ocrx_word' id='word_1_99' title='bbox 1867 1879 1965 1943; x_wconf 89' lang='lat' dir='ltr'><strong>Et</strong></span> <span class='ocrx_word' id='word_1_100' title='bbox 2031 1872 2161 1969; x_wconf 90' lang='lat' dir='ltr'><strong>qui</strong></span> <span class='ocrx_word' id='word_1_101' title='bbox 2220 1867 2366 1943; x_wconf 88' lang='lat' dir='ltr'><strong>fide</strong></span> 
     </span>
     <span class='ocr_line' id='line_1_17' title="bbox 267 1971 2446 2068; baseline -0.003 -22"><span class='ocrx_word' id='word_1_102' title='bbox 267 1992 346 2046; x_wconf 87' lang='lat' dir='ltr'><strong>et</strong></span> <span class='ocrx_word' id='word_1_103' title='bbox 395 1974 544 2047; x_wconf 87' lang='lat' dir='ltr'><strong>vita</strong></span> <span class='ocrx_word' id='word_1_104' title='bbox 593 1979 838 2045; x_wconf 84' lang='lat' dir='ltr'><strong>Iesum</strong></span> <span class='ocrx_word' id='word_1_105' title='bbox 903 1973 1394 2068; x_wconf 80' lang='lat' dir='ltr'><strong>amplexatur,</strong></span> <span class='ocrx_word' id='word_1_106' title='bbox 1447 1992 1647 2046; x_wconf 85' lang='lat' dir='ltr'><strong>totus</strong></span> <span class='ocrx_word' id='word_1_107' title='bbox 1711 1975 1791 2044; x_wconf 90' lang='lat' dir='ltr'><strong>in</strong></span> <span class='ocrx_word' id='word_1_108' title='bbox 1854 1997 1943 2046; x_wconf 89' lang='lat' dir='ltr'><strong>eo</strong></span> <span class='ocrx_word' id='word_1_109' title='bbox 2005 1971 2364 2058; x_wconf 75' lang='lat' dir='ltr'><strong>habitam,</strong></span> <span class='ocrx_word' id='word_1_110' title='bbox 2443 2034 2446 2039; x_wconf 27' lang='lat' dir='ltr'><strong>f</strong></span> 
     </span>
     <span class='ocr_line' id='line_1_18' title="bbox 266 2073 2369 2171; baseline -0.003 -21"><span class='ocrx_word' id='word_1_111' title='bbox 266 2077 335 2150; x_wconf 85' lang='lat' dir='ltr'><strong>is</strong></span> <span class='ocrx_word' id='word_1_112' title='bbox 381 2100 553 2149; x_wconf 83' lang='lat' dir='ltr'><strong>vere</strong></span> <span class='ocrx_word' id='word_1_113' title='bbox 607 2099 854 2160; x_wconf 81' lang='lat' dir='ltr'><strong>amans</strong></span> <span class='ocrx_word' id='word_1_114' title='bbox 904 2076 1096 2166; x_wconf 79' lang='lat' dir='ltr'><strong>eius,</strong></span> <span class='ocrx_word' id='word_1_115' title='bbox 1144 2074 1511 2147; x_wconf 86' lang='lat' dir='ltr'><strong>amabitur</strong></span> <span class='ocrx_word' id='word_1_116' title='bbox 1560 2101 1602 2147; x_wconf 84' lang='lat' dir='ltr'><strong>a</strong></span> <span class='ocrx_word' id='word_1_117' title='bbox 1650 2093 1892 2171; x_wconf 88' lang='lat' dir='ltr'><strong>patre,</strong></span> <span class='ocrx_word' id='word_1_118' title='bbox 1947 2094 2022 2147; x_wconf 88' lang='lat' dir='ltr'><strong>et</strong></span> <span class='ocrx_word' id='word_1_119' title='bbox 2072 2100 2114 2147; x_wconf 88' lang='lat' dir='ltr'><strong>a</strong></span> <span class='ocrx_word' id='word_1_120' title='bbox 2165 2073 2369 2147; x_wconf 88' lang='lat' dir='ltr'><strong>Chri·</strong></span> 
     </span>
     <span class='ocr_line' id='line_1_19' title="bbox 273 2176 2365 2273; baseline -0.002 -23"><span class='ocrx_word' id='word_1_121' title='bbox 273 2196 429 2268; x_wconf 81' lang='lat' dir='ltr'><strong>stu,</strong></span> <span class='ocrx_word' id='word_1_122' title='bbox 524 2177 654 2273; x_wconf 90' lang='lat' dir='ltr'><strong>qui</strong></span> <span class='ocrx_word' id='word_1_123' title='bbox 725 2194 972 2249; x_wconf 86' lang='lat' dir='ltr'><strong>totum</strong></span> <span class='ocrx_word' id='word_1_124' title='bbox 1032 2202 1110 2251; x_wconf 85' lang='lat' dir='ltr'><strong>se</strong></span> <span class='ocrx_word' id='word_1_125' title='bbox 1178 2176 1679 2250; x_wconf 85' lang='lat' dir='ltr'><strong>manifestabit</strong></span> <span class='ocrx_word' id='word_1_126' title='bbox 1749 2179 2043 2249; x_wconf 85' lang='lat' dir='ltr'><strong>amanti.</strong></span> <span class='ocrx_word' id='word_1_127' title='bbox 2114 2200 2365 2250; x_wconf 77' lang='lat' dir='ltr'>v.21.</span> 
     </span>
     <span class='ocr_line' id='line_1_20' title="bbox 156 2279 2374 2377; baseline -0.001 -25"><span class='ocrx_word' id='word_1_128' title='bbox 156 2366 163 2373; x_wconf 89' lang='lat'><strong>.</strong></span> <span class='ocrx_word' id='word_1_129' title='bbox 273 2287 475 2353; x_wconf 85' lang='lat' dir='ltr'><strong>Deus</strong></span> <span class='ocrx_word' id='word_1_130' title='bbox 559 2279 1027 2377; x_wconf 78' lang='lat' dir='ltr'><strong>christusque</strong></span> <span class='ocrx_word' id='word_1_131' title='bbox 1104 2280 1499 2375; x_wconf 86' lang='lat' dir='ltr'><strong>replebunt</strong></span> <span class='ocrx_word' id='word_1_132' title='bbox 1566 2279 1894 2353; x_wconf 85' lang='lat' dir='ltr'><strong>animum</strong></span> <span class='ocrx_word' id='word_1_133' title='bbox 1959 2280 2160 2368; x_wconf 67' lang='lat' dir='ltr'><strong>eim,</strong></span> <span class='ocrx_word' id='word_1_134' title='bbox 2236 2279 2374 2375; x_wconf 86' lang='lat' dir='ltr'><strong>qui</strong></span> 
     </span>
    </p>

    <p class='ocr_par' dir='ltr' id='par_1_6' title="bbox 212 2379 2414 3191">
     <span class='ocr_line' id='line_1_21' title="bbox 276 2379 2372 2479; baseline -0.001 -24"><span class='ocrx_word' id='word_1_135' title='bbox 276 2389 439 2455; x_wconf 83' lang='lat' dir='ltr'><strong>Iesu</strong></span> <span class='ocrx_word' id='word_1_136' title='bbox 491 2403 737 2453; x_wconf 82' lang='lat' dir='ltr'><strong>amore</strong></span> <span class='ocrx_word' id='word_1_137' title='bbox 787 2380 1120 2456; x_wconf 89' lang='lat' dir='ltr'><strong>incensus</strong></span> <span class='ocrx_word' id='word_1_138' title='bbox 1181 2379 1666 2479; x_wconf 83' lang='lat' dir='ltr'><strong>perfususque</strong></span> <span class='ocrx_word' id='word_1_139' title='bbox 1710 2401 1840 2454; x_wconf 81' lang='lat' dir='ltr'><strong>est.</strong></span> <span class='ocrx_word' id='word_1_140' title='bbox 1890 2409 1958 2455; x_wconf 79' lang='lat' dir='ltr'><strong>v,</strong></span> <span class='ocrx_word' id='word_1_141' title='bbox 2014 2404 2133 2468; x_wconf 76' lang='lat'><strong>23.</strong></span> <span class='ocrx_word' id='word_1_142' title='bbox 2200 2389 2372 2474; x_wconf 83' lang='grc' dir='ltr'>(μο-</span> 
     </span>
     <span class='ocr_line' id='line_1_22' title="bbox 280 2481 2374 2602; baseline -0.002 -42"><span class='ocrx_word' id='word_1_143' title='bbox 280 2481 400 2574; x_wconf 58' lang='lat' dir='ltr'><strong>vitu</strong></span> <span class='ocrx_word' id='word_1_144' title='bbox 453 2490 921 2602; x_wconf 77' lang='lat' dir='ltr'><strong>[perpetuum</strong></span> <span class='ocrx_word' id='word_1_145' title='bbox 975 2484 1472 2575; x_wconf 84' lang='lat' dir='ltr'><strong>domicilium]</strong></span> <span class='ocrx_word' id='word_1_146' title='bbox 1538 2484 1719 2590; x_wconf 73' lang='grc' dir='ltr'><strong>παρ’</strong></span> <span class='ocrx_word' id='word_1_147' title='bbox 1770 2482 2004 2587; x_wconf 63' lang='grc' dir='ltr'>αὐτ-ιδ</span> <span class='ocrx_word' id='word_1_148' title='bbox 2062 2482 2374 2573; x_wconf 59' lang='grc' dir='ltr'>ποιήσοι-</span> 
     </span>
     <span class='ocr_line' id='line_1_23' title="bbox 212 2586 2373 2692; baseline -0.003 -30"><span class='ocrx_word' id='word_1_149' title='bbox 212 2638 225 2662; x_wconf 60' lang='grc'>,</span> <span class='ocrx_word' id='word_1_150' title='bbox 249 2589 469 2692; x_wconf 83' lang='grc' dir='ltr'><strong>μεν).</strong></span> <span class='ocrx_word' id='word_1_151' title='bbox 518 2627 620 2644; x_wconf 90' lang='lat'>-</span> <span class='ocrx_word' id='word_1_152' title='bbox 654 2586 913 2658; x_wconf 86' lang='lat' dir='ltr'><strong>Prouti</strong></span> <span class='ocrx_word' id='word_1_153' title='bbox 948 2587 1212 2658; x_wconf 81' lang='lat' dir='ltr'><strong>dilexit</strong></span> <span class='ocrx_word' id='word_1_154' title='bbox 1253 2590 1624 2659; x_wconf 83' lang='lat' dir='ltr'><strong>Christum</strong></span> <span class='ocrx_word' id='word_1_155' title='bbox 1663 2606 1885 2682; x_wconf 87' lang='lat' dir='ltr'><strong>pater,</strong></span> <span class='ocrx_word' id='word_1_156' title='bbox 1938 2590 2199 2674; x_wconf 87' lang='lat' dir='ltr'><strong>eodem</strong></span> <span class='ocrx_word' id='word_1_157' title='bbox 2242 2587 2373 2660; x_wconf 85' lang='lat' dir='ltr'><strong>ille</strong></span> 
     </span>
     <span class='ocr_line' id='line_1_24' title="bbox 284 2687 2376 2785; baseline -0.001 -24"><span class='ocrx_word' id='word_1_158' title='bbox 284 2715 450 2761; x_wconf 79' lang='lat' dir='ltr'><strong>suos</strong></span> <span class='ocrx_word' id='word_1_159' title='bbox 500 2714 748 2761; x_wconf 84' lang='lat' dir='ltr'><strong>amore</strong></span> <span class='ocrx_word' id='word_1_160' title='bbox 780 2687 903 2761; x_wconf 87' lang='lat' dir='ltr'><strong>est</strong></span> <span class='ocrx_word' id='word_1_161' title='bbox 953 2689 1420 2785; x_wconf 78' lang='lat' dir='ltr'><strong>amplexus3</strong></span> <span class='ocrx_word' id='word_1_162' title='bbox 1426 2690 1555 2785; x_wconf 88' lang='lat' dir='ltr'><strong>qui</strong></span> <span class='ocrx_word' id='word_1_163' title='bbox 1604 2699 1810 2762; x_wconf 81' lang='lat' dir='ltr'><strong>amor</strong></span> <span class='ocrx_word' id='word_1_164' title='bbox 1853 2707 1939 2759; x_wconf 87' lang='lat' dir='ltr'><strong>ut</strong></span> <span class='ocrx_word' id='word_1_165' title='bbox 1982 2691 2075 2761; x_wconf 88' lang='lat' dir='ltr'><strong>sit</strong></span> <span class='ocrx_word' id='word_1_166' title='bbox 2122 2713 2376 2785; x_wconf 80' lang='lat' dir='ltr'><strong>peren-</strong></span> 
     </span>
     <span class='ocr_line' id='line_1_25' title="bbox 287 2789 2414 2887; baseline 0.001 -24"><span class='ocrx_word' id='word_1_167' title='bbox 287 2790 430 2878; x_wconf 84' lang='lat' dir='ltr'><strong>nis,</strong></span> <span class='ocrx_word' id='word_1_168' title='bbox 476 2790 1080 2884; x_wconf 86' lang='lat' dir='ltr'><strong>perseverandum</strong></span> <span class='ocrx_word' id='word_1_169' title='bbox 1136 2808 1244 2863; x_wconf 80' lang='lat' dir='ltr'><strong>est</strong></span> <span class='ocrx_word' id='word_1_170' title='bbox 1306 2790 1796 2864; x_wconf 85' lang='lat' dir='ltr'><strong>familiaribus</strong></span> <span class='ocrx_word' id='word_1_171' title='bbox 1843 2791 1921 2861; x_wconf 89' lang='lat' dir='ltr'><strong>in</strong></span> <span class='ocrx_word' id='word_1_172' title='bbox 1974 2789 2414 2887; x_wconf 71' lang='lat' dir='ltr'><strong>praeceptis&#39;</strong></span> 
     </span>
     <span class='ocr_line' id='line_1_26' title="bbox 296 2891 2377 2988; baseline -0.002 -22"><span class='ocrx_word' id='word_1_173' title='bbox 296 2892 620 2988; x_wconf 81' lang='lat' dir='ltr'><strong>magistri</strong></span> <span class='ocrx_word' id='word_1_174' title='bbox 672 2892 918 2963; x_wconf 76' lang='lat' dir='ltr'><strong>animo</strong></span> <span class='ocrx_word' id='word_1_175' title='bbox 975 2893 1445 2979; x_wconf 85' lang='lat' dir='ltr'><strong>imbibendis,</strong></span> <span class='ocrx_word' id='word_1_176' title='bbox 1498 2893 1650 2964; x_wconf 87' lang='lat' dir='ltr'><strong>vita</strong></span> <span class='ocrx_word' id='word_1_177' title='bbox 1699 2893 2210 2987; x_wconf 81' lang='lat' dir='ltr'><strong>exprimendis,</strong></span> <span class='ocrx_word' id='word_1_178' title='bbox 2262 2891 2377 2973; x_wconf 30' lang='lat' dir='ltr'><strong>u‘ti</strong></span> 
     </span>
     <span class='ocr_line' id='line_1_27' title="bbox 296 2993 2379 3091; baseline 0 -28"><span class='ocrx_word' id='word_1_179' title='bbox 296 2994 511 3090; x_wconf 90' lang='lat' dir='ltr'><strong>patris</strong></span> <span class='ocrx_word' id='word_1_180' title='bbox 579 2994 863 3065; x_wconf 86' lang='lat' dir='ltr'><strong>decreta</strong></span> <span class='ocrx_word' id='word_1_181' title='bbox 913 2995 1234 3064; x_wconf 83' lang='lat' dir='ltr'><strong>servavit</strong></span> <span class='ocrx_word' id='word_1_182' title='bbox 1296 2998 1738 3091; x_wconf 83' lang='lat' dir='ltr'><strong>(servatque)</strong></span> <span class='ocrx_word' id='word_1_183' title='bbox 1786 2993 2021 3082; x_wconf 81' lang='lat' dir='ltr'><strong>filius,</strong></span> <span class='ocrx_word' id='word_1_184' title='bbox 2099 3012 2175 3067; x_wconf 87' lang='lat' dir='ltr'><strong>et</strong></span> <span class='ocrx_word' id='word_1_185' title='bbox 2225 2995 2379 3065; x_wconf 76' lang='lat' dir='ltr'><strong>eiu‘s</strong></span> 
     </span>
     <span class='ocr_line' id='line_1_28' title="bbox 299 3093 2382 3191; baseline -0.002 -21"><span class='ocrx_word' id='word_1_186' title='bbox 299 3112 648 3191; x_wconf 75' lang='lat' dir='ltr'><strong>perpetuo</strong></span> <span class='ocrx_word' id='word_1_187' title='bbox 691 3093 966 3169; x_wconf 83' lang='lat' dir='ltr'><strong>fruitur</strong></span> <span class='ocrx_word' id='word_1_188' title='bbox 1014 3120 1283 3170; x_wconf 88' lang='lat' dir='ltr'><strong>amore.</strong></span> <span class='ocrx_word' id='word_1_189' title='bbox 1345 3116 1457 3183; x_wconf 84' lang='lat'><strong>15,</strong></span> <span class='ocrx_word' id='word_1_190' title='bbox 1526 3122 1593 3188; x_wconf 89' lang='lat'><strong>9.</strong></span> <span class='ocrx_word' id='word_1_191' title='bbox 1674 3121 1785 3170; x_wconf 85' lang='grc' dir='ltr'><strong>ιο.</strong></span> <span class='ocrx_word' id='word_1_192' title='bbox 1890 3102 2127 3184; x_wconf 84' lang='lat' dir='ltr'><strong>Deus,</strong></span> <span class='ocrx_word' id='word_1_193' title='bbox 2181 3096 2382 3178; x_wconf 72' lang='lat' dir='ltr'><strong>Chri·</strong></span> 
     </span>
    </p>
   </div>
   <div class='ocr_carea' id='block_1_6' title="bbox 302 3197 2530 3284">
    <p class='ocr_par' dir='ltr' id='par_1_7' title="bbox 302 3197 2530 3284">
     <span class='ocr_line' id='line_1_29' title="bbox 302 3197 2530 3284; baseline -0.001 -14"><span class='ocrx_word' id='word_1_194' title='bbox 302 3214 481 3284; x_wconf 71' lang='lat' dir='ltr'><strong>stus«,</strong></span> <span class='ocrx_word' id='word_1_195' title='bbox 537 3197 803 3268; x_wconf 85' lang='lat' dir='ltr'><strong>Christi</strong></span> <span class='ocrx_word' id='word_1_196' title='bbox 853 3199 1167 3268; x_wconf 89' lang='lat' dir='ltr'><strong>cultores</strong></span> <span class='ocrx_word' id='word_1_197' title='bbox 1206 3198 1268 3268; x_wconf 90' lang='lat' dir='ltr'><strong>si</strong></span> <span class='ocrx_word' id='word_1_198' title='bbox 1317 3199 1661 3269; x_wconf 85' lang='lat' dir='ltr'><strong>unanima</strong></span> <span class='ocrx_word' id='word_1_199' title='bbox 1714 3199 2099 3270; x_wconf 86' lang='lat' dir='ltr'><strong>voluntate</strong></span> <span class='ocrx_word' id='word_1_200' title='bbox 2150 3197 2423 3275; x_wconf 63' lang='lat' dir='ltr'><strong>conti·‚</strong></span> <span class='ocrx_word' id='word_1_201' title='bbox 2523 3235 2530 3244; x_wconf 56' lang='lat'><strong><em>‘</em></strong></span> 
     </span>
    </p>
   </div>
   <div class='ocr_carea' id='block_1_7' title="bbox 209 3295 2454 4011">
    <p class='ocr_par' dir='ltr' id='par_1_8' title="bbox 258 3295 2420 3704">
     <span class='ocr_line' id='line_1_30' title="bbox 258 3295 2420 3392; baseline -0 -20"><span class='ocrx_word' id='word_1_202' title='bbox 258 3316 591 3385; x_wconf 82' lang='lat' dir='ltr'><strong>-nentur,</strong></span> <span class='ocrx_word' id='word_1_203' title='bbox 675 3300 1213 3392; x_wconf 67' lang='lat' dir='ltr'><strong>consummatio</strong></span> <span class='ocrx_word' id='word_1_204' title='bbox 1278 3300 1545 3373; x_wconf 86' lang='lat' dir='ltr'><strong>amoris</strong></span> <span class='ocrx_word' id='word_1_205' title='bbox 1599 3318 1726 3376; x_wconf 78' lang='lat' dir='ltr'><strong>est.</strong></span> <span class='ocrx_word' id='word_1_206' title='bbox 1775 3337 1903 3392; x_wconf 40' lang='lat'><strong>-‚</strong></span> <span class='ocrx_word' id='word_1_207' title='bbox 1943 3295 2070 3371; x_wconf 86' lang='lat' dir='ltr'><strong>Vis</strong></span> <span class='ocrx_word' id='word_1_208' title='bbox 2117 3297 2420 3372; x_wconf 69' lang='lat' dir='ltr'><strong>amoris⁴</strong></span> 
     </span>
     <span class='ocr_line' id='line_1_31' title="bbox 303 3399 2385 3498; baseline -0 -25"><span class='ocrx_word' id='word_1_209' title='bbox 303 3401 484 3473; x_wconf 88' lang='lat' dir='ltr'><strong>inter</strong></span> <span class='ocrx_word' id='word_1_210' title='bbox 531 3406 707 3472; x_wconf 86' lang='lat' dir='ltr'><strong>Iesu·</strong></span> <span class='ocrx_word' id='word_1_211' title='bbox 745 3399 1015 3473; x_wconf 79' lang='lat' dir='ltr'><strong>amicos</strong></span> <span class='ocrx_word' id='word_1_212' title='bbox 1064 3417 1260 3472; x_wconf 88' lang='lat' dir='ltr'><strong>tanta</strong></span> <span class='ocrx_word' id='word_1_213' title='bbox 1308 3420 1484 3491; x_wconf 87' lang='lat' dir='ltr'><strong>esto,</strong></span> <span class='ocrx_word' id='word_1_214' title='bbox 1540 3416 1808 3498; x_wconf 77' lang='lat' dir='ltr'><strong>quanta</strong></span> <span class='ocrx_word' id='word_1_215' title='bbox 1861 3401 2005 3475; x_wconf 90' lang='lat' dir='ltr'><strong>fuit</strong></span> <span class='ocrx_word' id='word_1_216' title='bbox 2055 3403 2132 3473; x_wconf 92' lang='lat' dir='ltr'><strong>in</strong></span> <span class='ocrx_word' id='word_1_217' title='bbox 2182 3402 2385 3473; x_wconf 89' lang='lat' dir='ltr'><strong>Chri-</strong></span> 
     </span>
     <span class='ocr_line' id='line_1_32' title="bbox 307 3504 2386 3601; baseline -0 -26"><span class='ocrx_word' id='word_1_218' title='bbox 307 3520 411 3576; x_wconf 84' lang='lat' dir='ltr'><strong>sto</strong></span> <span class='ocrx_word' id='word_1_219' title='bbox 460 3527 628 3601; x_wconf 84' lang='lat' dir='ltr'><strong>erga</strong></span> <span class='ocrx_word' id='word_1_220' title='bbox 678 3527 867 3578; x_wconf 77' lang='lat' dir='ltr'><strong>suos·</strong></span> <span class='ocrx_word' id='word_1_221' title='bbox 987 3510 1161 3576; x_wconf 89' lang='lat' dir='ltr'><strong>Non</strong></span> <span class='ocrx_word' id='word_1_222' title='bbox 1216 3505 1411 3580; x_wconf 86' lang='lat' dir='ltr'><strong>enim</strong></span> <span class='ocrx_word' id='word_1_223' title='bbox 1470 3505 1824 3588; x_wconf 83' lang='lat' dir='ltr'><strong>maiorem</strong></span> <span class='ocrx_word' id='word_1_224' title='bbox 1874 3504 2249 3579; x_wconf 83' lang='lat' dir='ltr'><strong>caritatem</strong></span> <span class='ocrx_word' id='word_1_225' title='bbox 2299 3526 2386 3575; x_wconf 83' lang='lat' dir='ltr'><strong>ea</strong></span> 
     </span>
     <span class='ocr_line' id='line_1_33' title="bbox 309 3605 2386 3704; baseline -0 -27"><span class='ocrx_word' id='word_1_226' title='bbox 309 3629 574 3690; x_wconf 86' lang='lat' dir='ltr'><strong>cernas,</strong></span> <span class='ocrx_word' id='word_1_227' title='bbox 640 3630 836 3703; x_wconf 86' lang='lat' dir='ltr'><strong>quae</strong></span> <span class='ocrx_word' id='word_1_228' title='bbox 879 3605 970 3694; x_wconf 65' lang='lat' dir='ltr'><strong>ad</strong></span> <span class='ocrx_word' id='word_1_229' title='bbox 1020 3606 1247 3678; x_wconf 85' lang='lat' dir='ltr'><strong>vitam</strong></span> <span class='ocrx_word' id='word_1_230' title='bbox 1301 3630 1435 3703; x_wconf 88' lang='lat' dir='ltr'><strong>pro</strong></span> <span class='ocrx_word' id='word_1_231' title='bbox 1500 3608 1752 3680; x_wconf 81' lang='lat' dir='ltr'><strong>amicis</strong></span> <span class='ocrx_word' id='word_1_232' title='bbox 1800 3606 2386 3704; x_wconf 84' lang='lat' dir='ltr'><strong>profundendam</strong></span> 
     </span>
    </p>

    <p class='ocr_par' dir='ltr' id='par_1_9' title="bbox 209 3706 2385 3813">
     <span class='ocr_line' id='line_1_34' title="bbox 209 3706 2385 3813; baseline 0 -35"><span class='ocrx_word' id='word_1_233' title='bbox 209 3761 214 3768; x_wconf 81' lang='lat'>.</span> <span class='ocrx_word' id='word_1_234' title='bbox 313 3706 641 3801; x_wconf 85' lang='lat' dir='ltr'><strong>impellit.</strong></span> <span class='ocrx_word' id='word_1_235' title='bbox 744 3707 885 3778; x_wconf 90' lang='lat' dir='ltr'><strong>Cui</strong></span> <span class='ocrx_word' id='word_1_236' title='bbox 941 3725 1326 3803; x_wconf 88' lang='lat' dir='ltr'><strong>praecepto</strong></span> <span class='ocrx_word' id='word_1_237' title='bbox 1393 3708 1525 3806; x_wconf 90' lang='lat' dir='ltr'><strong>qui</strong></span> <span class='ocrx_word' id='word_1_238' title='bbox 1589 3707 1767 3782; x_wconf 87' lang='lat' dir='ltr'><strong>facit</strong></span> <span class='ocrx_word' id='word_1_239' title='bbox 1820 3710 2023 3813; x_wconf 81' lang='lat' dir='ltr'><strong>satis,</strong></span> <span class='ocrx_word' id='word_1_240' title='bbox 2103 3711 2385 3781; x_wconf 88' lang='lat' dir='ltr'><strong>Christo</strong></span> 
     </span>
    </p>

    <p class='ocr_par' dir='ltr' id='par_1_10' title="bbox 315 3808 2389 3900">
     <span class='ocr_line' id='line_1_35' title="bbox 315 3808 2389 3900; baseline 0 -19"><span class='ocrx_word' id='word_1_241' title='bbox 315 3808 476 3881; x_wconf 84' lang='lat' dir='ltr'><strong>facit</strong></span> <span class='ocrx_word' id='word_1_242' title='bbox 525 3809 692 3884; x_wconf 79' lang='lat' dir='ltr'><strong>satis</strong></span> <span class='ocrx_word' id='word_1_243' title='bbox 722 3826 798 3882; x_wconf 81' lang='lat' dir='ltr'><strong>et</strong></span> <span class='ocrx_word' id='word_1_244' title='bbox 842 3816 921 3881; x_wconf 91' lang='lat' dir='ltr'><strong>in</strong></span> <span class='ocrx_word' id='word_1_245' title='bbox 953 3810 1107 3880; x_wconf 85' lang='lat' dir='ltr'><strong>eius</strong></span> <span class='ocrx_word' id='word_1_246' title='bbox 1132 3828 1399 3884; x_wconf 88' lang='lat' dir='ltr'><strong>manet</strong></span> <span class='ocrx_word' id='word_1_247' title='bbox 1429 3811 1771 3884; x_wconf 83' lang='lat' dir='ltr'><strong>amicitia.</strong></span> <span class='ocrx_word' id='word_1_248' title='bbox 1814 3837 1885 3885; x_wconf 90' lang='lat' dir='ltr'><strong>v.</strong></span> <span class='ocrx_word' id='word_1_249' title='bbox 1931 3838 2016 3884; x_wconf 63' lang='grc' dir='ltr'><strong>ια</strong></span> <span class='ocrx_word' id='word_1_250' title='bbox 2045 3853 2131 3867; x_wconf 93' lang='lat'><em>-</em></span> <span class='ocrx_word' id='word_1_251' title='bbox 2159 3832 2271 3900; x_wconf 78' lang='lat'><strong>14·</strong></span> <span class='ocrx_word' id='word_1_252' title='bbox 2289 3845 2389 3865; x_wconf 91' lang='lat'>-</span> 
     </span>
    </p>

    <p class='ocr_par' dir='ltr' id='par_1_11' title="bbox 315 3901 2454 4011">
     <span class='ocr_line' id='line_1_36' title="bbox 315 3901 2454 4011; baseline 0.001 -28"><span class='ocrx_word' id='word_1_253' title='bbox 315 3910 594 4004; x_wconf 83' lang='lat' dir='ltr'><strong>Repetit</strong></span> <span class='ocrx_word' id='word_1_254' title='bbox 642 3934 712 3983; x_wconf 86' lang='lat' dir='ltr'><strong>v.</strong></span> <span class='ocrx_word' id='word_1_255' title='bbox 777 3913 888 3999; x_wconf 80' lang='lat'><strong>17.</strong></span> <span class='ocrx_word' id='word_1_256' title='bbox 926 3910 1190 3985; x_wconf 66' lang='grc' dir='ltr'><em>ταῦτα</em></span> <span class='ocrx_word' id='word_1_257' title='bbox 1247 3906 1701 4007; x_wconf 75' lang='grc' dir='ltr'>ἐντέλλομαι</span> <span class='ocrx_word' id='word_1_258' title='bbox 1750 3908 1962 4003; x_wconf 81' lang='grc' dir='ltr'>ὑμῖν,</span> <span class='ocrx_word' id='word_1_259' title='bbox 2024 3901 2148 3990; x_wconf 70' lang='grc' dir='ltr'><strong>ἵνα</strong></span> <span class='ocrx_word' id='word_1_260' title='bbox 2195 3908 2391 4011; x_wconf 77' lang='grc' dir='ltr'><strong>ἀγα-</strong></span> <span class='ocrx_word' id='word_1_261' title='bbox 2443 3905 2454 3914; x_wconf 73' lang='grc'><strong><em>’</em></strong></span> 
     </span>
    </p>
   </div>
   <div class='ocr_carea' id='block_1_8' title="bbox 320 4006 2394 4252">
    <p class='ocr_par' dir='ltr' id='par_1_12' title="bbox 320 4006 2394 4212">
     <span class='ocr_line' id='line_1_37' title="bbox 321 4006 2393 4135; baseline -0.001 -51"><span class='ocrx_word' id='word_1_262' title='bbox 321 4011 498 4084; x_wconf 64' lang='lat' dir='ltr'><strong>mire</strong></span> <span class='ocrx_word' id='word_1_263' title='bbox 548 4006 979 4106; x_wconf 72' lang='grc' dir='ltr'><strong>ἀλλήλους,</strong></span> <span class='ocrx_word' id='word_1_264' title='bbox 1045 4036 1231 4111; x_wconf 85' lang='lat' dir='ltr'><strong>quae</strong></span> <span class='ocrx_word' id='word_1_265' title='bbox 1281 4038 1434 4087; x_wconf 79' lang='lat' dir='ltr'><strong>vox</strong></span> <span class='ocrx_word' id='word_1_266' title='bbox 1475 4016 1577 4086; x_wconf 76' lang='lat' dir='ltr'><strong>ita</strong></span> <span class='ocrx_word' id='word_1_267' title='bbox 1626 4015 1840 4089; x_wconf 83' lang='lat' dir='ltr'><strong>firme</strong></span> <span class='ocrx_word' id='word_1_268' title='bbox 1887 4016 2113 4135; x_wconf 60' lang='lat' dir='ltr'><strong>infixa</strong></span> <span class='ocrx_word' id='word_1_269' title='bbox 2164 4013 2393 4086; x_wconf 78' lang='lat' dir='ltr'><strong>haesit</strong></span> 
     </span>
     <span class='ocr_line' id='line_1_38' title="bbox 320 4113 2394 4252; baseline 0.002 -69"><span class='ocrx_word' id='word_1_270' title='bbox 320 4113 592 4184; x_wconf 82' lang='lat' dir='ltr'><strong>Ioannis</strong></span> <span class='ocrx_word' id='word_1_271' title='bbox 648 4117 991 4212; x_wconf 84' lang='lat' dir='ltr'><strong>Apostoli</strong></span> <span class='ocrx_word' id='word_1_272' title='bbox 1037 4114 1328 4205; x_wconf 83' lang='lat' dir='ltr'><strong>animo,</strong></span> <span class='ocrx_word' id='word_1_273' title='bbox 1399 4132 1525 4205; x_wconf 85' lang='lat' dir='ltr'><strong>ut,</strong></span> <span class='ocrx_word' id='word_1_274' title='bbox 1595 4118 1664 4193; x_wconf 69' lang='lat' dir='ltr'><strong>ei</strong></span> <span class='ocrx_word' id='word_1_275' title='bbox 1714 4118 1914 4192; x_wconf 84' lang='lat' dir='ltr'><strong>credi</strong></span> <span class='ocrx_word' id='word_1_276' title='bbox 1957 4116 2069 4194; x_wconf 73' lang='lat' dir='ltr'><strong>faa</strong></span> <span class='ocrx_word' id='word_1_277' title='bbox 2117 4134 2229 4252; x_wconf 80' lang='lat' dir='ltr'><strong>est</strong></span> <span class='ocrx_word' id='word_1_278' title='bbox 2269 4141 2394 4189; x_wconf 88' lang='lat' dir='ltr'><strong>an·</strong></span> 
     </span>
    </p>
   </div>
  </div>
 </body>
</html>
