2791 4761
1107 204 1336 293 ...'......
1435 247 1586 326 450

472 404 832 479 Messiani
890 402 1131 507 operis
1198 404 1509 501 aperuit.
1617 404 1903 528 Cives&
1952 405 2232 504 quibua
2301 426 2586 483 constat

466 532 807 606 regnum,
856 494 1067 579 decet
1100 523 1539 627 oportetque
1588 533 1739 581 esse
1787 508 2018 583 animi
2062 510 2380 611 integri,
2433 538 2588 585 αιιι-

477 610 670 697 didi,
736 610 882 683 Dei
922 609 1365 706 virtutisque
1412 610 1690 684 sincere
1742 612 2092 701 amantia,
2138 640 2305 686 non
2357 614 2586 693 fastus

470 710 753 786 iudaici
799 713 1037 810 pleni,
1086 736 1243 785 non
1288 711 1649 789 natalium
1700 706 2083 811 splendore
2122 714 2364 804 freti,
2444 743 2594 790 non

472 814 881 889 inhumani.
1030 821 1221 888 Nam
1312 814 1645 887 animum
1740 818 2219 907 emendatum
2314 817 2589 891 afferre

477 934 771 1013 oportet
818 919 897 989 in
951 941 1222 990 sacram
1272 918 1693 989 societatem
1718 970 1741 1007 ‚
1819 920 2235 1014 μετανοίας
2284 944 2589 1014 praeco-

470 1021 685 1091 nium
737 1018 1170 1139 primarium
1219 1035 1331 1089 est
1378 1019 1729 1109 Messiae,
1814 1021 2114 1117 eiusque
2171 1040 2587 1095 antecesso-

473 1123 617 1241 ris,-
664 1121 901 1194 divini
951 1123 1134 1208 viri,
1201 1119 1556 1193 officium.
1658 1128 1771 1193 Eo
1833 1120 2152 1193 tendunt
2213 1125 2584 1219 plurimu

473 1223 771 1296 caritate
826 1246 1168 1320 germana
1233 1240 1309 1294 et
1379 1220 1837 1321 officiorum,
1934 1248 2121 1320 quae
2173 1250 2283 1296 ex
2333 1251 2588 1298 amore

454 1326 620 1400 ‘Dei
667 1343 745 1398 et
790 1322 1111 1445 proximi
1160 1324 1559 1413 ducuntur,
1606 1342 1961 1420 perpetuo
2009 1320 2390 1400 exercitio
2435 1330 2587 1400 vin-‘-

472 1445 641 1501 cant
687 1453 764 1501 se
817 1430 1063 1500 coetui
1111 1428 1478 1523 praeclaro
1538 1427 1920 1522 adscripti,
2020 1453 2214 1526 quae
2263 1448 2387 1501 est
2432 1430 2584 1503 veri

467 1529 794 1603 nominis
842 1530 1277 1602 humanitas.
1375 1530 1558 1602 Inde
1622 1527 2092 1602 manifestum
2160 1548 2328 1620 est,
2426 1532 2580 1604 nul-

465 1634 622 1705 lam
670 1657 804 1705 nec
849 1634 1148 1729 populi,
1210 1656 1344 1704 nec
1392 1632 1792 1728 temporis,
1856 1657 1991 1703 nec
2035 1658 2435 1706 sacrorum
2482 1633 2580 1706 di-

470 1733 892 1809 versitatem
944 1734 1035 1806 ab
1084 1735 1220 1805 hac
1289 1733 1681 1807 hominum
1739 1733 1932 1807 inter
1978 1736 2333 1811 homines
2388 1763 2576 1809 com·

467 1841 826 1910 munione
861 1835 1272 1922 excludere,
1325 1859 1511 1932 quae
1554 1836 1846 1908 divinae
1895 1838 2196 1933 originis
2231 1845 2576 1912 est-Deo-

470 1964 617 2037 que
665 1955 908 2036 gratos
966 1935 1147 2011 facit
1192 1939 1555 2010 mortales.
1670 1943 1932 2035 Regno
1956 1939 2373 2014 “Messiano
2427 1959 2573 2016 tam

463 2042 659 2115 latus
708 2040 1027 2113 ambitus
1072 2055 1217 2127 est,
1295 2056 1608 2135 quantus
1681 2057 1793 2112 est
1847 2038 2108 2117 virtuti
2173 2044 2571 2115 humanae.

462 2144 729 2216 Valeat
770 2143 986 2214 unius
1034 2142 1346 2213 nationis
1397 2142 1896 2240 praerogativa
1919 2197 1940 2230 ,
1992 2142 2176 2215 boni
2226 2143 2572 2218 bonitate

464 2268 591 2317 sua
641 2246 921 2318 habiles
984 2245 1343 2316 habentor
1408 2245 1636 2332 cives,
1727 2245 1976 2317 exteri·
2022 2269 2196 2317 cnm
2251 2249 2568 2337 Iudaeis,

458 2348 579 2421 illi
626 2347 912 2445 potiore
960 2349 1126 2420 Ioco
1174 2347 1538 2444 ponendi,
1617 2345 1680 2418 si
1727 2340 1902 2420 sunt
1929 2349 2216 2421 vmelius
2269 2351 2566 2422 morati.

458 2457 652 2523 Nam
705 2451 941 2523 Musis
1008 2475 1190 2546 opus
1241 2466 1318 2521 et
1379 2450 1759 2545 disciplina
1809 2450 2154 2547 profuere
2202 2454 2568 2548 tempori-

457 2551 599 2624 bus
644 2553 792 2624 suis
842 2552 1013 2627 Dei
1036 2554 1362 2640 decreto,
1463 2553 1590 2623 sed
1637 2553 1949 2625 Messiae
2008 2577 2194 2625 voce
2259 2555 2356 2624 ad
2417 2556 2566 2626 ani-

453 2675 667 2726 mum
720 2655 1127 2726 revocanda
1174 2671 1346 2725 sunt
1400 2652 1491 2725 ab
1542 2667 1845 2725 externo
1897 2653 2298 2751 obsequio,
2409 2657 2564 2752 legi

452 2772 532 2829 et
582 2737 1091 2829 additamentis
1141 2758 1526 2827 doctorum
1578 2756 1928 2850 perversis
1978 2757 2328 2853 praestito
2397 2782 2563 2830 om-

447 2881 610 2943 ma,
710 2861 997 2955 regium
1055 2857 1175 2931 de
1202 2880 1452 2929 amore
1511 2858 1854 2931 Numinis
1903 2875 1979 2930 et
2032 2859 2560 2954 proximorum

444 2978 953 3058 praeceptum,
1006 2963 1171 3054 lege
1215 2960 1643 3046 conditum,
1699 2985 1741 3032 a
1789 2963 2169 3056 prophetis
2216 2986 2371 3032 non
2431 2988 2576 3036 new

446 3065 815 3159 glectum,
861 3087 994 3160 per
1043 3062 1391 3134 Messiatn
1444 3061 1526 3133 in
1566 3061 1958 3156 clarissima
2007 3065 2172 3134 luce
2215 3065 2549 3158 ponitur,

444 3182 532 3237 ut
579 3165 755 3237 inde
807 3167 1051 3238 cultus
1105 3163 1621 3236 sacrificiorum
1669 3170 1862 3260 (pars
1909 3162 2298 3238 Mosaismi
2349 3190 2548 3239 cere-

442 3267 806 3357 monialis)
867 3266 1153 3338 inutilis
1205 3268 1587 3353 reddatur,
1648 3267 1804 3338 imo
1858 3266 2278 3364 pestiferam
2332 3292 2546 3340 exer-

441 3386 599 3440 ceat
648 3370 843 3456 vim,
914 3370 1208 3464 quando
1263 3371 1420 3440 sine
1472 3368 1722 3439 animo
1765 3371 1853 3440 ad
1904 3370 2242 3440 divinum
2291 3389 2540 3442 erecto

436 3471 832 3568 peragitur.
923 3475 1039 3541 De
1084 3488 1420 3588 tempore
1452 3471 1813 3542 condendi
1852 3473 2058 3568 regni
2096 3472 2199 3542 ita
2240 3471 2535 3543 habeto.

434 3571 654 3643 Initia
703 3571 893 3644 facta
941 3588 1113 3645 sunt
1160 3572 1401 3668 priore
1464 3577 1627 3645 Iesu
1676 3573 1990 3646 Messiae
2056 3573 2248 3645 inter
2299 3595 2537 3689 popu-f

324 3673 335 3696 ³
433 3670 621 3742 lares
658 3673 1097 3768 praesentia,
1147 3675 1583 3746 collectione
1630 3674 2179 3770 discipulorum,
2236 3695 2533 3770 praeco&

430 3770 562 3843 nio
627 3774 719 3846 de
792 3775 1317 3870 resipiscentia,
1414 3778 1939 3852 miraculorum
2023 3778 2525 3867 multitudine,

427 3898 739 3947 numero
785 3892 1225 3949 sectatorum
1274 3879 1543 3950 sensim
1594 3877 2062 3974 amplificato.
2131 3880 2298 3994 Sed
2329 3903 2522 3951 mor·

425 3990 505 4047 te
552 3977 633 4048 in
658 4001 1079 4052 commune
1130 3980 1408 4051 bonum
1453 3983 1778 4069 tolerata,
1830 3980 2207 4076 splendida
2254 4004 2540 4077 pompa

386 4077 727 4151 'Messias
774 4096 1187 4153 revertetur
1244 4084 1336 4154 de
1393 4084 1619 4174 coelis
1667 4083 1749 4154 in
1801 4101 2093 4175 terram,
2143 4084 2233 4156 ad
2269 4106 2514 4155 conse-
