2791 4761
817 323 1306 423 -L—-e467
1402 368 1648 408 ω--ρ

192 491 397 573 mum
470 489 921 614 Iudaeosqu'e
942 545 978 591 9
1019 523 1264 610 quae
1313 518 1511 574 sunt
1577 501 1727 575 duo
1798 495 2281 592 monumenta

171 601 590 699 praecipua.
655 627 682 638 -‘

337 702 791 794 Nicodem0‚
859 722 1129 777 exorso
1207 689 1629 777 sermonem
1701 729 1744 782 a
1804 708 2279 810 professione
2375 749 2445 780 .-

112 805 520 925 (min-ime
563 807 736 894 illa,
797 807 911 878 uti
964 795 1311 879 credibile
1361 824 1525 895 ests
1550 810 1749 881 mala
1801 830 1926 882 aut
1977 817 2271 915 astuta),

183 928 333 979 non
385 908 539 980 sine
598 899 762 980 Dei>
821 933 860 980 a
930 914 1094 982 Iesu
1169 926 1367 981 tanta
1425 911 1773 983 miracula
1841 915 2031 987 edita
2099 943 2272 1009 esse,
2362 982 2366 987 .

179 1010 798 1083 statimffihristus
848 1011 1162 1090 traducit
1213 1030 1535 1084 mentem
1570 1018 1670 1084 nd
1706 1016 1834 1101 id,
1906 1021 2102 1111 quod
2152 1019 2275 1091 fu·

181 1125 352 1183 ‘turo
393 1113 612 1210 regni
662 1112 992 1184 coelestis
1042 1114 1190 1188 civi
1240 1107 1665 1187 tentandum
1718 1117 2277 1214 perficiendum-⁶

185 1239 323 1318 que
371 1216 505 1301 sit,
545 1232 630 1292 ut
670 1216 897 1286 sancti
941 1234 1197 1290 coetus
1248 1219 1616 1289 consortio
1669 1218 2015 1314 potiatur.
2102 1229 2266 1296 De-

177 1340 335 1389 nuo
372 1303 827 1389 nascendum
873 1336 1001 1388 est
1047 1318 1293 1389 animo
1343 1318 1701 1415 (form-ula
1751 1320 2104 1396 Rabbinis
2154 1339 2274 1399 a&-

183 1417 521 1515 qualibus
587 1443 735 1490 non
804 1418 1121 1514 ignota),
1217 1446 1310 1491 ex
1376 1447 1521 1517 qua
1597 1422 1792 1493 vitae
1855 1426 1973 1494 in
2000 1427 2269 1503 melius

99 1518 106 1524 ’
180 1520 635 1617 sanctiusque
681 1519 1266 1606 conformatione
1313 1523 1643 1621 singulae
1695 1525 2039 1615 virtutes,
2087 1548 2174 1600 ut
2225 1557 2269 1604 e

178 1620 547 1693 foecundo
598 1622 847 1718 stipite
895 1625 1118 1711 rami,
1184 1625 1589 1730 ducuntur·
1667 1622 1967 1700 ἄνωθεν
2020 1653 2270 1727 γεννηϋ

173 1720 399 1815 ,θῆναι
479 1743 579 1810 3,
627 1746 692 1812 3.
816 1727 954 1815 (Ea
1026 1742 1136 1797 est
1200 1715 1581 1818 μετάνοια
1630 1728 2271 1838 Synopticorum.)

155 1826 641 1921 Repetitque,
681 1845 1145 1928 pervertente
1194 1828 1271 1898 in
1322 1829 1654 1932 ineptum
1697 1853 1986 1908 sensum
2039 1831 2285 1907 sublim¹

167 1954 373 2000 mem
421 1943 682 2028 vecem
736 1917 1184 2015 NicodemO,
1232 1951 1369 2026 per
1421 1957 1685 2027 aquam
1732 1926 2265 2028 baptismalem,
2306 1993 2315 1998 .
2393 1957 2398 1967 ·

167 2047 560 2102 externum
599 2032 906 2126 signum
957 2032 1283 2104 internae
1333 2034 1707 2129 puritatis,
1766 2051 1841 2105 et
1881 2057 2012 2131 per
2046 2035 2269 2160 spiriu
2375 2069 2379 2075 ·

167 2151 375 2222 turn,
420 2137 895 2230 sanctiorem
962 2135 1153 2223 vim,
1236 2155 1425 2230 quae
1501 2153 1708 2235 regat
1754 2135 2044 2228 'vitam,
2123 2139 2267 2213 nisi

168 2236 336 2334 quis
381 2235 565 2307 alius
611 2235 760 2324 fiat,
817 2238 1189 2308 neminem
1221 2237 1715 2309 intraturum
1711 2262 2045 2335 regnum
2095 2243 2265 2320 Dei.

166 2363 244 2415 v.
300 2356 366 2426 5.
471 2331 611 2412 Sed
662 2340 840 2439 hoe,
911 2364 1058 2435 quo
1110 2358 1325 2449 pacto
1375 2338 1544 2429 fiat,
1620 2341 2087 2416 reconditum
2131 2362 2262 2435 est,

165 2434 374 2543 quod
418 2467 512 2514 ex
553 2443 812 2513 intima
859 2443 1089 2512 animi
1125 2440 1456 2517 efficacia
1490 2460 1755 2517 manat.
1793 2468 1862 2515 v·
1902 2448 1969 2533 6
1998 2468 2066 2533 7.
2119 2452 2267 2543 Res
2340 2470 2384 2530 ἃ

166 2566 421 2637 arcana
473 2561 621 2632 est,
703 2544 1129 2643 invisibilis,
1212 2545 1422 2618 cuius
1486 2570 1622 2617 nec
1696 2545 2060 2642 originem
2128 2575 2266 2633 neo
2320 2615 2328 2628 ,

163 2649 483 2723 :modum
555 2647 669 2718 his
753 2649 1078 2744 corporis
1156 2646 1531 2733 sensibus
1562 2649 2015 2745 adsequeris,
2101 2652 2264 2728 vim

162 2748 661 2849 persentisceS.
706 2772 778 2821 v.
826 2770 894 2834 3.
940 2789 1043 2804 -·--
1101 2757 1195 2820 Et
1247 2776 1470 2846 quem
1521 2748 1599 2819 in
1651 2753 1960 2823 modum
2011 2757 2264 2834 Moses

162 2869 579 2945 serpentem
629 2850 706 2923 in
757 2851 1039 2933 deserto
1089 2852 1479 2940 exalta-vit,
1527 2850 1868 2924 similiter
1910 2856 2266 2932 Messiam
2340 2878 2345 2883 “

160 2951 567 3029 sublimem
619 2952 736 3044 (de
787 2952 1027 3040 cruce)
1077 2957 1390 3048 pendere
1440 2944 1521 3027 in
1566 2953 1733 3026 fatis
1785 2971 1914 3044 est,
1967 2975 2052 3028 ut
2102 2960 2267 3084 qui-

161 3080 457 3153 cunque
508 3055 585 3125 in
640 3080 810 3125 eum
856 3052 999 3126 fide
1043 3053 1318 3144 fertur,
1372 3081 1491 3126 ne
1538 3050 1885 3145 intereat,
1979 3053 2136 3132 sed
2163 3061 2267 3133 vi-

159 3173 323 3229 tam
373 3181 765 3255 perennem
822 3175 1296 3229 consectetur.
1346 3197 1447 3212 --
1514 3163 1651 3229 Per
1701 3176 2018 3232 mortem
2062 3167 2266 3237 Mes-
2353 3237 2356 3240 ,

157 3259 313 3330 siae
364 3258 752 3331 salutarem
815 3258 1058 3331 vitalis
1112 3261 1261 3337 vita
1327 3280 1459 3353 per
1523 3259 1750 3333 fidem
1800 3261 2100 3336 vivitur.
2159 3282 2287 3322 -'
2343 3298 2351 3305 ·

157 3366 362 3432 Nam
448 3385 537 3432 eo
602 3384 837 3455 usque
920 3362 1185 3434 dilexit
1266 3364 1591 3435 Numen
1653 3356 2019 3437 mundum
2098 3364 2263 3459 (τὸν

103 3448 110 3459 ’
156 3465 512 3555 κόσμον,
587 3462 1007 3535 mortalium
1065 3489 1293 3563 genus
1343 3485 1765 3558 perversum
1827 3482 1901 3536 et
1954 3468 2267 3569 peccatis

156 3558 655 3653 immersum),
708 3580 793 3634 ut
845 3563 1083 3636 filium
1137 3566 1530 3662 unigenam
1582 3569 1785 3638 daret
1831 3568 2088 3659 (morti
2127 3585 2268 3642 tra-

156 3667 443 3760 deret),
498 3691 645 3765 quo
700 3664 830 3763 qui
883 3666 1094 3739 fide
1071 3694 1149 3742 ιιι
1199 3694 1375 3763 eum
1428 3674 1836 3741 constantes
1880 3686 2074 3760 sunt,
2115 3696 2268 3753 non

158 3769 541 3856 comdant,
592 3770 717 3840 sed
772 3769 923 3841 vita
975 3787 1352 3842 aeternum
1404 3769 1612 3842 beata
1664 3769 2164 3867 perfruantur.
2189 3795 2262 3848 v.

162 3882 268 3962 14
304 3912 400 3922 -—
460 3875 572 3941 16.
653 3907 761 3931 ο·-
822 3875 996 3942 Non
1043 3889 1128 3942 ut
1174 3876 1446 3949 iudicet
1488 3882 1755 3967 (reum
1799 3873 2130 3967 inveniat
2189 3891 2268 3947 et

154 3971 534 4077 supplicii>
583 3973 855 4069 plectat
898 3971 1000 4067 *))
1050 3977 1454 4063 mundum,
1504 3975 1635 4047 sed
1683 3991 1771 4048 ut
1816 3995 2077 4066 servet,
2127 3975 2266 4065 mi·

236 4185 313 4265 *)
349 4186 431 4248 V
468 4184 705 4275 κρίνὲιν
737 4178 1047 4249 virtutem
1095 4190 1383 4249 nativam
1419 4202 1564 4251 non
1602 4185 1873 4262 amittit,
1937 4186 2057 4251 ted
2090 4179 2266 4252 aad&

1670 4285 1772 4355 80
1799 4288 1834 4324 *

1289 4359 1321 4377 χ
