2791 4761
953 349 1188 390 -·-·-
1293 343 1435 421 πμ
1542 343 1905 402 -r--f

506 504 671 574 Hac
715 481 1296 573 similitudinum
1346 495 1572 586 serie,
1620 521 1741 592 ea,
1811 501 2033 598 quam
2084 499 2193 571 rei
2245 523 2406 595 per·

303 603 674 701 spicuitas
696 602 1038 690 iub‘eb'at,
1124 599 1465 671 ubertate
1511 597 1844 693 exposita
1902 616 1982 672 et
2025 601 2407 691 illustrata,

306 729 463 778 non
514 706 637 777 abs
685 729 770 775 re
822 705 1087 791 visum,
1137 701 1499 800 quaedam
1549 703 1877 775 universe
1920 701 2406 792 subiunxisse,

207 821 214 830 ‘
305 831 406 881 ex
453 806 826 879 antecedd.
877 807 1024 877 vel
1049 809 1315 922 sponte
1360 801 1685 894 fluentia,
1734 805 1857 875 vel
1903 802 2019 898 his
2066 802 2404 940 finitima,
2482 889 2487 896 ὁ

303 909 432 984 vel
483 909 659 981 haec
710 906 1168 1003 excipientia.

429 1021 434 1028 ’
512 1014 570 1081 1.
670 1009 1224 1097 Parabolarum,
1269 1005 1372 1078 in
1395 1003 1923 1102 posterioribus
1972 1007 2411 1090 Matthaeia·
2450 997 2455 1005 ’
2526 1075 2541 1088 ,

302 1109 392 1184 ni
453 1110 632 1186 libri
695 1110 1044 1207 partibus·
1077 1108 1681 1206 propositarum,
1749 1124 1927 1206 qu'as
1989 1110 2412 1205 explanavi·

301 1237 509 1300 ιιιιιε,
564 1212 729 1286 talis
777 1217 890 1285 est
935 1213 1221 1283 indoles
1268 1212 1480 1301 (scite
1524 1210 1951 1283 observante
2000 1220 2410 1285 Kauman-

308 1319 653 1408 cunno),
731 1330 819 1384 ut
873 1336 1204 1386 sacrum
1227 1310 1467 1386 divini
1516 1312 1746 1384 animi
1794 1337 2211 1385 moerorem
2259 1313 2409 1408 spi·

305 1429 492 1505 rent,
548 1431 634 1489 et
669 1439 1006 1489 severum
1056 1414 1368 1512 prodant
1412 1412 1771 1486 habiturn.
1840 1415 2407 1516 chronologico

307 1522 567 1592 ordine
617 1519 789 1594 satis
838 1534 1169 1590 accurato
1214 1540 1259 1590 a
1304 1515 1657 1611 scriptore
1703 1519 2406 1592 commentariorum
2458 1567 2463 1572 -

302 1622 540 1693 literis
603 1643 767 1694 esse
840 1633 1196 1712 exaratas,
1297 1641 1471 1690 cum
1545 1613 1862 1690 externis
1942 1620 2405 1716 reliquorum

303 1721 938 1820 Evangelistarum
987 1720 1429 1792 testimoniis
1478 1720 1715 1792 evinci
1766 1735 2123 1818 nequeat,
2177 1720 2408 1793 inter-

305 1825 425 1897 nis
488 1823 936 1921 argumentis
999 1847 1114 1896 res
1163 1821 1455 1895 felicius
1516 1823 1963 1920 expedietur.
2062 1824 2406 1896 Incidunt

302 1927 388 1999 in
439 1950 521 1998 ea
573 1944 904 2021 tempora
923 1977 945 2014 ,
967 1925 1264 2034 quibus
1313 1925 1897 2014 Pharisaeorum,
1928 1915 2404 2000 sacerdotum

211 2093 215 2099 .
302 2029 842 2124 Senior-umque
885 2013 1131 2123 plebis
1177 2027 1817 2117 machinationem,
1865 2029 2184 2127 maligna
2227 2051 2404 2100 con-

302 2131 470 2205 silia
521 2147 597 2202 et
641 2127 1070 2202 coecitatem
1121 2127 1415 2200 abunde
1478 2135 1819 2225 ‘expertus
1866 2127 2236 2218 Servatur,
2279 2129 2405 2204 di-

302 2232 529 2306 vinae
589 2254 841 2302 causae
904 2231 1237 2325 quotidie
1285 2229 1696 2320 infestiores
1772 2231 2139 2328 praevidit
2196 2229 2405 2304 futu·

303 2359 449 2410 ros.
593 2335 774 2406 Inde
857 2332 1186 2405 hilaritas
1233 2315 1703 2441 parabolici
1723 2333 2005 2429 generis
2083 2333 2399 2427 dicendi,

177 2510 198 2523 ,
308 2461 500 2536 quae
544 2437 625 2509 in
677 2434 1045 2512 anteriore
1099 2451 1336 2531 parte
1370 2418 1715 2509 historiae
1759 2436 2237 2555 Eva-ngelicae
2285 2438 2402 2508 lu-

305 2541 637 2613 culenter
703 2563 781 2612 se
831 2535 1129 2626 exserit,
1213 2538 1766 2657 prosperrimus
1818 2538 1929 2610 rei
1991 2541 2400 2614 Messianae

303 2660 673 2714 successus
720 2640 1194 2758 praesagiens,
1243 2639 1473 2712 cessit
1505 2638 1915 2712 moestitiae
1965 2628 2056 2711 de
2096 2644 2400 2713 Iudaeo-

299 2768 479 2816 rum
558 2741 956 2838 pertinacia
1032 2742 1582 2837 voluntatisque
1644 2742 1934 2815 divinae
2005 2743 2397 2817 temerario

269 2860 710 2917 contemtu.
811 2843 1197 2915 Messinm
1183 2843 1639 2962 σαρκικόν,
1692 2843 2009 2939 qualem,
2056 2843 2122 2917 si
2164 2846 2398 2920 modo

304 2948 670 3045 aliquem,
700 2945 1171 3064 exspectavit
1215 2944 1611 3016 Pharisaica
1650 2945 2086 3034 insolentia,
2134 2972 2400 3043 exspe-
2462 3010 2471 3017 .
2554 2962 2561 2969 ’

303 3066 646 3147 ctareque
692 3043 910 3118 iussit
955 3044 1257 3140 plebem
1302 3069 1342 3118 a
1394 3070 1473 3117 se
1520 3042 1986 3142 pendentem,
2037 3072 2184 3119 non
2225 3071 2398 3123 con·

302 3150 610 3248 spirare
643 3171 815 3220 cum
872 3170 1001 3220 sua
1065 3146 1159 3219 de
1207 3168 1737 3265 navitarum»
1770 3149 2083 3220 Messiae
2138 3147 2397 3224 officio

303 3249 662 3327 sententia
696 3248 1018 3321 Christus
1058 3246 1352 3345 penitus
1400 3273 1814 3345 persuasum
1863 3267 2398 3373 expertumque
2454 3292 2461 3308 ι
2514 3244 2530 3261 “

219 3432 224 3439 ,
303 3352 606 3431 habuit,
689 3357 926 3449 Quare
973 3372 1170 3422 nunc
1216 3352 1460 3422 multo
1508 3350 1812 3448 saepius,
1863 3377 2085 3448 quam
2133 3352 2398 3450 priori·

304 3454 444 3531 bus
520 3453 848 3555 muneris
919 3452 1233 3547 suscepti
1313 3451 1668 3524 aetatibus
1731 3453 2028 3549 repetiit
2103 3471 2397 3529 senten·
2460 3472 2471 3485 '

303 3558 511 3642 tiam,
565 3540 804 3626 divini
844 3552 1055 3649 regni
1107 3552 1461 3626 beneficia
1509 3554 1886 3626 ademtum
1938 3555 2075 3644 his,
2123 3556 2392 3654 quibus
2458 3598 2473 3621 ι

305 3682 410 3732 ea
443 3650 840 3742 offerenda,
926 3654 1054 3725 sed
1118 3679 1270 3727 non
1317 3652 1771 3729 obtrudenda
1821 3658 2397 3754 repugnantibus

305 3777 386 3833 et
435 3757 690 3831 invitis
737 3755 1069 3829 coelestis
1118 3760 1331 3828 Pater
1395 3759 1829 3841 curavisset,
1904 3783 2203 3830 omnem
2262 3785 2397 3832 eo-

303 3886 479 3935 rum
516 3857 845 3931 fructum
896 3858 988 3930 ad
1038 3858 1170 3928 hos
1219 3858 1549 3930 delatum
1595 3860 1709 3949 iri,
1762 3859 1895 3957 qui
1938 3857 2270 3932 fructus
2248 3863 2396 3961 ipsi

238 4040 250 4046 ,
306 3964 503 4036 sacia
542 3960 677 4035 hac
719 3960 1013 4031 civitate
1073 3958 1335 4061 dignos
1399 3962 1878 4056 protulissent
1949 3961 2099 4034 vita
2164 3980 2240 4034 et
2278 3962 2397 4033 fa·
2460 3962 2483 3991 ³·

308 4064 468 4139 ctis.
565 4069 735 4159 Quo
778 4078 855 4134 et
900 4054 1585 4157 particularismum,
1630 4088 1855 4160 quem
1898 4061 2227 4151 barbare,
2268 4063 2399 4145 sed

307 4189 487 4242 vere
534 4179 806 4242 vocant
819 4217 844 4255 ,
906 4154 1513 4251 Palaestinensem
1558 4165 1901 4239 radicitus
1968 4165 2399 4263 exstirpasse

1895 4278 1983 4349 16
