2791 4761
792 1306 1104 1429 *1³*A
1168 1298 1776 1460 nsſjxuq

1064 1513 1554 1583 EPILOGUS.

114 1733 125 1777 ι
225 1660 757 1802 Evangelicae
823 1700 916 1776 de
977 1725 1209 1811 regno
1274 1697 1545 1774 Christi
1611 1694 1986 1781 doctrinae
2048 1693 2374 1775 brevem,

190 1834 647 1896 summam,
712 1833 754 1880 e
798 1806 1075 1899 duplici
1110 1800 1347 1905 fonte
1382 1803 1823 1876 hauriendae
1873 1805 2337 1899 haustaeque,
2380 1852 2384 1859 «

230 1934 359 1989 m
374 1910 740 1982 lectorum
812 1909 1296 1981 commodum
1352 1908 1540 1980 hanc
1589 1906 2070 1979 adficiendam
2128 1921 2339 2002 puta·

192 2013 502 2086 vimus.
2289 2040 2294 2047 ·

388 2151 447 2218 Ι.
546 2145 872 2220 Christus
925 2162 1000 2217 et
1033 2146 1479 2265 Synopeicus
1527 2161 1605 2218 et
1627 2138 2014 2218 Ιοαηηειιὲ
2062 2163 2339 2215 nomen

158 2246 823 2346 dignitatemque
873 2248 1223 2336 Messiae,
1269 2237 1695 2325 theocratici
1742 2248 1973 2345 regis,
2046 2269 2198 2316 non
2245 2242 2340 2316 si

238 2353 511 2441 mulat,
561 2352 690 2426 sed
735 2352 1014 2426 sincere
1064 2358 1354 2441 tuetur,
1447 2366 1525 2422 et
1587 2373 1666 2421 re
1717 2364 1792 2421 et
1854 2354 2190 2422 sermone
2246 2347 2337 2419 ad

245 2472 669 2551 temporum
718 2477 1338 2551 personarumque
1381 2448 1693 2526 rationes
1725 2452 1953 2571 modo
1994 2447 2341 2547 ambiguo

242 2574 317 2630 et
366 2560 704 2646 obscure,
758 2560 986 2630 modo
1041 2552 1401 2628 dilucide:
1452 2578 1701 2628 coram
1741 2538 2036 2641 amicis,
2089 2577 2342 2628 coram.

244 2655 475 2757 plebis
529 2683 834 2749 corona,
920 2685 1165 2733 coram
1206 2652 1676 2745 adversariis,
1758 2678 2006 2729 coram
2056 2652 2339 2776 femina

244 2757 701 2852 Samaritide,
747 2785 994 2835 coram
1041 2761 1305 2834 iudice
1339 2770 1415 2833 et
1461 2757 1758 2832 Iudaico
1812 2775 1889 2832 et
1938 2776 2223 2832 extero·
2337 2775 2342 2780 “

386 2900 479 2968 Π.
580 2896 1126 2969 Institutionem
1188 2897 1280 2968 de
1347 2897 1730 2969 coelorum
1791 2917 2020 2992 regno
2103 2887 2343 2990 auspi-
2383 2895 2420 2967 j

251 2991 448 3070 eatur
498 2997 970 3098 Synopticus
1035 2999 1357 3071 Christus
1427 2997 1878 3093 (praesertim
1930 2997 2339 3092 Matthaei)
2427 3023 2452 3092 j

248 3100 732 3196 proponendis
783 3097 1419 3189 similitudinibus,
1471 3125 1659 3198 quae
1708 3125 1749 3172 e
1785 3124 2035 3178 rerum
2081 3116 2341 3171 natura

251 3226 316 3275 v.
365 3201 749 3275 hominum
800 3203 954 3273 vita
1004 3207 1415 3302 generatim
1459 3200 1899 3280 adumbrant
1944 3199 2340 3273 amabilem

255 3283 612 3392 indolem,
696 3303 1094 3394 ambitum,
1181 3322 1256 3376 et
1328 3302 1727 3377 efficaciam
1807 3300 2019 3399 regni
2083 3302 2339 3377 divini.

257 3412 610 3484 Ioannem
665 3406 990 3480 Christus
1053 3432 1209 3480 non
1260 3400 1504 3480 utitur
1539 3409 1713 3484 hac·
1735 3404 1978 3496 forma
2030 3403 2343 3482 docendi

251 3511 606 3605 populum
671 3495 957 3581 iudaica
1026 3534 1079 3579 a.
1134 3508 1494 3580 orientali.
1612 3508 1790 3581 Eius
1842 3510 2011 3579 loco
2057 3509 2342 3580 multus
2417 3534 2423 3540 ·

260 3627 358 3681 est
400 3613 642 3683 dicens
690 3611 781 3681 de
832 3610 980 3686 fine
1030 3603 1419 3706 legationis
1464 3634 1673 3697 suae,
1753 3627 1830 3683 et
1894 3610 1988 3681 de
2038 3606 2343 3684 necessi-

253 3711 493 3786 tudine
547 3737 717 3784 cum
783 3707 1268 3787 familiaribus
1336 3737 1468 3812 per
1519 3712 1941 3811 allegoriaS,
2018 3736 2197 3810 quas
2249 3736 2344 3782 ex
2386 3705 2392 3717 '

258 3809 798 3910 opportunitate
862 3809 972 3886 rei
1026 3826 1267 3912 gestae
1315 3832 1384 3887 v.
1429 3771 1711 3886 dic'etae
1715 3813 2018 3910 petitas,
2100 3834 2360 3914 carere.
2473 3867 2481 3876 ι

258 3940 391 4032 ιιοιι
442 3913 709 3989 dixeris
760 3913 1242 4015 ambiguitate
1291 3933 1370 3989 et
1415 3915 1879 3990 obscuritate.
2443 3913 2458 3944 ’“

390 4055 521 4127 ΠΙ
615 4052 734 4124 De
781 4051 1035 4126 indole
1078 4069 1157 4126 et
1208 4044 1473 4127 officiis
1494 4027 1948 4128 futurorum
1987 4042 2346 4155 reipubli-
2407 4105 2412 4112 ,

261 4171 391 4230 eae
415 4153 840 4236 Messianae
882 4149 1174 4231 civium
1235 4149 1385 4228 late
1448 4160 1604 4270 agit
1646 4157 2090 4254 synopticus
2138 4151 2345 4225 chri-

1815 4261 2016 4337 31*
