2791 4761
1376 353 1464 442 ,Π

378 503 760 591 Senecae
791 526 1286 585 sermonem
1334 495 1722 583 studiose
1766 500 2242 607 cognitum,
2267 524 2474 583 con·

260 644 269 648 ·
374 615 762 701 formare
831 616 1410 717 tentavimus,
1506 616 1940 729 persuasi,
1983 706 1990 711 ,
2029 632 2477 729 praestare

371 731 699 845 patria‘
747 728 1044 838 lingua
1119 710 1449 831 dicere,
1522 756 1791 837 ‚quam
1872 728 2101 812 male
2177 727 2474 821 latinas

372 849 738 933 Uxorem
789 841 1013 925 liber
1058 838 1170 925 de
1281 841 1651 926 arabolis
1702 842 2284 952 Evangelicis,
2343 871 2476 926 so·

313 1018 318 1025 ·
371 959 619 1065 briae
669 965 775 1055 et!
815 953 1186 1041 solidae·
1258 959 1645 1040 octrinae
1700 959 1942 1040 testis
1957 1017 1986 1061 ,
2055 976 2267 1072 post
2316 960 2477 1055 im·

371 1100 762 1190 pressam
811 1099 1231 1181 magnam¹
1258 1073 1541 1157 nostri
1590 1068 1916 1154 laboris
1978 1090 2324 1185 partem
2373 1074 2477 1155 in
2609 1133 2616 1141 .

356 1217 689 1274 :manus
737 1184 1075 1269 nostras
1119 1187 1390 1270 venit.
1507 1185 1802 1300 Quare
1843 1212 2049 1268 eum
2096 1184 2207 1269 ad
2255 1214 2477 1269 non·

268 1356 271 1359 -
371 1302 656 1389 nullas
689 1298 1324 1413 disputationes
1344 1300 1838 1413 argumenti
1870 1296 2257 1383 eiusdem
2286 1328 2478 1387 non

367 1415 621 1503 licuit
677 1411 1097 1499 conferre.
1447 1432 1456 1445 ‘
1730 1438 1735 1447 '
2183 1466 2198 1477 ν
2457 1429 2472 1437 ”

423 1551 427 1555 ·
534 1522 1134 1643 Apostolorum
1165 1523 1275 1610 de
1304 1553 1575 1637 regno
1603 1524 1777 1609 Dei
1809 1519 2279 1607 doctrinam
2316 1553 2481 1641 per

232 1688 249 1701 ’
372 1636 737 1728 alteram
767 1640 970 1733 libri
1008 1659 1355 1752 partem
1392 1667 1553 1724 nos
1605 1640 2176 1752 exposituros,
2236 1670 2479 1725 nunc
2543 1634 2548 1641 ’

373 1755 807 1872 spondere
854 1780 1044 1835 non
1086 1753 1315 1858 licet,
1371 1770 1571 1836 tum
1606 1750 1848 1865 quod
1883 1748 2283 1864 suffragia
2321 1752 2477 1837 do·

375 1889 725 1958 ctorum
774 1868 1241 1951 hominum
1287 1864 1399 1950 de
1441 1870 1737 1982 priore
1788 1885 2284 1979 exspectare
2315 1897 2478 1952 ve-

370 1980 790 2070 recundia
852 1980 1303 2084 iubemur,
1392 2001 1594 2066 tum
1673 1979 1790 2064 ob
1859 1981 2069 2081 alios
2134 1980 2475 2078 labores

375 2116 869 2217 susceptos,
968 2097 1639 2179 commentarios
1698 2094 1893 2179 dico
1939 2098 2036 2178 in
2085 2094 2312 2210 Syno
2371 2095 2478 2179 ti-

375 2241 575 2298 cum
625 2203 1188 2318 Evangelium
1251 2227 1344 2293 et
1383 2211 1483 2293 in
1535 2202 2053 2344 Apocrypha
2114 2208 2229 2292 V.
2297 2124 2426 2294 q.

310 2345 321 2365 ²
543 2321 987 2440 Optamus
1048 2341 1385 2430 autem,
1444 2341 1555 2409 ut
1603 2353 1701 2408 m
1751 2320 2239 2408 multorum
2292 2341 2475 2409 stu·

372 2438 520 2526 dia
569 2459 662 2524 et
699 2436 1021 2521 iudicia
1061 2440 1362 2522 veniat
1406 2435 1669 2543 liber,
1752 2440 2144 2523 veritatis
2190 2468 2484 2548 causa,

370 2583 561 2639 non
611 2572 932 2638 nostra.
1046 2550 1423 2636 Meliora
1464 2550 1829 2657 dabunt,
1885 2554 2036 2664 qui
2081 2574 2295 2668 post
2330 2584 2475 2640 me

371 2667 1458 2782 severe·a3na11terque².‚in
1525 2664 1766 2750 hunc
1825 2664 2122 2751 locum
2187 2670 2475 2780 inqui·

366 2801 611 2885 rent3
672 2809 833 2891 ego
887 2809 1050 2894 pro
1083 2805 1480 2864 mearum
1513 2779 1872 2863 modulo
1911 2781 2231 2865 virium
2258 2787 2476 2866 meis

369 2895 921 3009 temporibus
974 2893 1382 3008 prodesse
1421 2893 1740 2984 studui.
1860 2896 2140 2980 Suum
2180 2926 2498 3008 quem-·
2630 2935 2638 2950 ν

367 3011 525 3095 vis·
555 3014 652 3091 in
702 3037 1171 3092 commune
1219 3005 1616 3093 conferre
1670 3007 1919 3093 decet
1966 3009 2382 3096 laborem.

542 3126 677 3209 Ut
752 3152 801 3205 a
889 3116 1566 3235 typothetarum
1651 3123 2091 3208 erroribus
2191 3145 2476 3237 purus'

360 3215 769 3354 p'rodiret
812 3234 955 3352 hic
1003 3236 1268 3347 liber,
1321 3264 1682 3348 operam
1711 3236 1976 3321 'dedit
2030 3235 2472 3324 familiaris

365 3379 660 3454 meu5,
708 3353 1170 3435 GusrAvus
1205 3352 1786 3456 KRUEGERUS,
1844 3350 2162 3435 Philos.
2212 3355 2326 3438 D.
2381 3371 2476 3438 et

364 3465 486 3551 ad
540 3463 841 3548 aedem
888 3467 1002 3548 D.
1052 3461 1301 3556 ¹Pauli
1351 3463 1929 3551 academicam
1987 3466 2474 3551 Conciona-

365 3600 519 3694 tor
575 3582 1164 3691 vespertinus,
1243 3582 1400 3691 qui
1465 3575 1702 3663 idem
1769 3579 2064 3665 Indice
2142 3580 2468 3668 biblico

367 3690 972 3782 concinnando
1026 3693 1255 3777 bene
1323 3690 1434 3806 de
1484 3691 1806 3780 futuris
1849 3691 2323 3783 lectoribus
2377 3716 2473 3784 et

369 3808 481 3895 de
529 3837 673 3890 me
730 3810 1077 3892 meruit.
2259 3899 2262 3904 ⁴

540 3919 1283 4034 Unumzdenique
1326 3941 1500 4026 est,
1558 3922 1814 4036 quod·
1856 3942 2265 4037 rogatum
2312 3954 2467 4010 vo-

365 4031 656 4120 lumus
728 4035 1138 4140 lectores,
1227 4064 1343 4119 ne
1412 4038 2046 4122 nonnullorum
2105 4069 2355 4124 more
2418 4069 2469 4125 o
2537 4045 2544 4054 ’
2649 4134 2654 4137 ,

366 4155 604 4243 ῃεᾶω.
649 4149 1076 4270 maleyole
1128 4147 1643 4269 decerpant,
1699 4183 1925 4269 quae
1975 4149 2140 4268 sibi
2180 4152 2469 4270 displi·
2562 4171 2577 4192 ··
