2791 4761
911 317 1146 358 --.-.-»
1215 288 1403 378 465
1740 335 1743 338 .
1879 256 1940 312 *-

275 391 649 532 cerdotale
689 454 950 546 odium
1000 454 1073 528 ei
1123 452 1433 544 obstitit,
1479 471 1556 529 et
1596 452 2033 528 libertatern
2060 454 2231 546 oris,
2279 482 2378 533 ne

240 561 492 637 ,citius
547 557 860 638 consilio
921 581 1060 629 suo
1125 555 1351 634 morti
1402 558 1727 676 daretur,
1804 559 2163 648 coercuit,
2194 582 2379 636 neo
2448 597 2481 662 ᾗ

273 658 741 744 imbecillitas
775 660 1158 750 comitum,
1206 661 1337 757 qui
1357 659 1442 732 in
1471 629 1920 756 oppi'dulum
1956 658 2106 742 cibi
2130 686 2378 735 emen·

259 763 378 852 xdi
389 787 612 840 causa
664 763 869 836 missi
919 787 959 836 a
1007 764 1238 836 latere
1290 763 1794 851 discesserant,
1877 787 1973 834 ne
2022 764 2183 835 alio
2238 769 2385 838 t'ra.·

271 868 624 938 herentur
708 863 966 951 verba,
1063 855 1501 938 sollicitum
1568 853 1918 946 reddebat
2013 865 2371 946 ειιιὶιιιιιιιι.

200 966 216 984 “
275 969 584 1062 Cognita
634 967 972 1070 mulieris
1012 965 1332 1064 simplici
1359 965 1612 1039 indole
1646 984 1722 1039 et
1749 965 1837 1038 ad
1870 963 2097 1064 animi
2126 992 2375 1041 emen-

269 1070 645 1142 dationem
696 1086 888 1142 recta
960 1072 1379 1157 voluntate,
1448 1063 1734 1141 detecta
1799 1067 2221 1164 cupiditate
2246 1096 2375 1142 re-

177 1207 187 1215 -
270 1197 443 1243 rum
499 1172 913 1243 divinarum
962 1168 1525 1260 institutioniS,
1577 1182 1779 1261 (nam
1842 1193 2236 1267 agnoscens
2289 1172 2375 1246 in

272 1275 437 1346 viro
500 1274 643 1347 sibi
704 1273 1087 1371 incognito
1144 1275 1547 1374 prophetae
1599 1271 2033 1372 gravitatem
2099 1274 2376 1392 perspi·
2485 1265 2505 1285 ‘

199 1400 411 1463 „cue
458 1399 873 1449 sermonem
937 1376 1026 1450 ad
1086 1400 1199 1448 res
1264 1389 1495 1447 sacras
1555 1392 1631 1448 et
1701 1376 1918 1447 litem
1982 1376 2374 1472 utriusque
2456 1389 2487 1408 „-

191 1537 200 1542 -
271 1479 508 1575 gentis
558 1473 941 1549 famosam
968 1479 1411 1568 traduxerat)
1459 1477 1892 1573 praemissae
1930 1502 2000 1550 v.
2052 1497 2167 1564 95.
2212 1501 2374 1552 ora-

195 1589 202 1602 *
274 1581 508 1653 ιίοιιὶ.
562 1571 786 1667 οἶδα,
854 1576 979 1652 οτι
1037 1579 1399 1668 Μεσσίας
1413 1575 1824 1702 Μ’ἔρχεται·
1909 1573 1996 1671 (ὁ
2055 1577 2373 1696 λεγόμε·

257 1700 404 1769 νος
451 1682 790 1788 Χριστός
813 1691 862 1768 ·)
917 1680 1113 1755 ὅτ’-αν
1164 1678 1357 1775 ἔλθη
1403 1674 1714 1770 ἐκεῖνος,
1767 1675 2174 1803 ἀναγγελεῖ
2202 1677 2372 1774 ἡμῖν
2442 1681 2465 1706 ‘'

252 1783 533 1860 «πάντα
582 1783 904 1855 adnectit
971 1808 1402 1880 responsum
1468 1809 1541 1856 v.
1602 1788 1758 1859 96.;
1838 1777 1998 1882 ἐγώ
2064 1781 2368 1876 εἶμι,ο

241 1882 548 1962 λαλων
612 1907 767 1960 σοι.
882 1885 1424 2004 Superveniunt
1471 1882 1867 1957 familiares
1927 1889 2023 1976 (ιτ.
2087 1907 2204 1977 97.
2250 1877 2374 1960 ἐπι

273 1986 549 2086 τούτου
616 1991 785 2077 cet.)
854 1988 1265 2077 miranteS,
1332 1985 1558 2083 quid
1595 1987 2124 2068 sermocinetur
2196 2012 2373 2061 cum
2489 2038 2502 2046 -

267 2092 644 2175 muliere,
678 2114 855 2186 er-go
907 2090 986 2160 in
1035 2088 1147 2162 his
1196 2087 1726 2174 terminabatur
1776 2090 2032 2162 oratio.
2126 2092 2230 2160 At
2276 2089 2372 2161 il·

267 2195 382 2280 la,
435 2218 514 2263 re
557 2207 755 2263 tanta
802 2192 1336 2266 communicata
1388 2217 1558 2262 cum
1603 2185 1900 2277 incolis,
1958 2185 2228 2277 effecit,
2281 2206 2418 2263 ut.

271 2287 725 2367 confluerent
772 2293 863 2363 ad
887 2319 1085 2364 eum
1135 2293 1608 2379 Samaritani,
1657 2289 1953 2366 visendi
1992 2245 2372 2364 audiendi·

275 2422 421 2494 que
496 2396 845 2485 Messiam
917 2397 1207 2492 cupidi,
1288 2414 1365 2468 et
1429 2396 1923 2469 deversorium
2003 2389 2370 2471 offerrent.

215 2539 236 2547 ν
269 2494 781 2571 Commoratus
848 2523 981 2592 per
1060 2500 1243 2571 duos
1297 2499 1475 2571 dies
1550 2499 1906 2595 persuasit
1983 2497 2369 2571 omnibusz

173 2659 192 2667 -
268 2599 412 2675 ὅτι
442 2593 650 2674 ἐστὶν
702 2594 1021 2691 ἀληθῶς
1065 2595 1110 2673 ὁ
1156 2595 1432 2705 σωτὴρ
1475 2600 1622 2675 τοῦ
1669 2601 2026 2692 κόσμου,
2086 2593 2133 2673 ὁ
2182 2602 2370 2703 Χρι-

177 2708 188 2721 “
270 2701 485 2789 (ἐτός
537 2706 632 2794 (v.
691 2704 843 2793 49..)
985 2709 1317 2800 Quorum
1386 2704 1936 2800 colloquiorum
1986 2702 2049 2774 si
2095 2702 2184 2775 ad
2229 2726 2458 2777 noe
2514 2734 2550 2763 ω
2610 2693 2617 2700 ’

268 2805 722 2901 pervenisset
782 2806 1137 2877 memoria
1160 2859 1181 2891 ,
1261 2805 1603 2877 candidos
1657 2806 1851 2875 inter
1912 2804 2278 2876 auditores
2326 2829 2372 2880 a

270 2906 529 2979 divino
578 2905 878 2980 doctore
925 2923 1334 2994 sertorum,
1434 2904 1961 2995 „admirabiles
2026 2912 2147 2992 (ut
2195 2917 2370 2979 cum

225 3007 528 3080 ‘Tullio
577 3007 875 3104 loquar)
950 3009 1352 3081 excitarent
1410 3032 1697 3082 amores
1766 3006 1905 3080 sui.
1909 3011 1954 3047 ‘⁴
2080 2994 2375 3102 Periere
2450 3088 2459 3095 ἱ
2554 3012 2561 3019 “

255 3110 699 3204 'temporum
735 3100 1216 3207 naufragio,
1250 3109 1354 3182 ita
1400 3128 1510 3182 ut
1566 3135 1700 3206 per
1750 3108 2285 3205 commercium
2323 3132 2371 3182 a
2486 3107 2495 3118 “

270 3210 510 3284 doctis
571 3210 996 3283 hominibus
1060 3212 1494 3310 magnisque
1540 3211 1717 3285 viris
1769 3235 1957 3282 cum
1989 3209 2369 3283 Samarita-

270 3336 411 3386 nae
457 3313 694 3408 gentis
764 3312 1094 3411 reliquiis
1143 3313 1570 3386 restitutum
1636 3315 1857 3386 nu’lla.
1895 3312 1985 3383 ad
2035 3335 2168 3383 nos
2216 3334 2371 3384 ma·

233 3415 557 3489 -naverit
603 3413 889 3500 notitia,
937 3415 1001 3489 si
1050 3415 1368 3489 discedas
1417 3436 1458 3487 a
1505 3414 1843 3514 populari
1890 3413 2243 3509 opinione
2274 3414 2369 3488 de

205 3578 213 3582 ,
265 3517 541 3591 Messia
589 3532 939 3607 venturo,
1015 3530 1355 3591 moruus
1382 3542 1676 3604 censore
1742 3534 1821 3589 et
1876 3517 2367 3590 emendatore.

270 3623 645 3714 Quantum
697 3620 874 3690 haec
924 3619 1095 3690 talia
1143 3619 1587 3703 adiuvissent
1612 3618 2054 3713 Christianos
2093 3617 2171 3688 in
2207 3618 2370 3713 per·

213 3808 218 3813 .
268 3721 591 3792 videndo
654 3704 1004 3793 interiore
1055 3720 1323 3794 Christi
1375 3723 1754 3808 consiliu,
1828 3719 2038 3793 cuius
2107 3718 2397 3817 ἰιιιιιςί-ι
2462 3777 2477 3783 -

269 3847 483 3908 nem,
537 3822 666 3894 sed
714 3846 865 3893 non
920 3821 1010 3893 ab
1067 3823 1274 3895 omni
1321 3841 1527 3920 parte
1574 3837 2193 3912 consummatam,
2243 3823 2369 3894 de-

266 3922 497 3995 lineat
541 3929 895 3997 Ioanneus
942 3916 1333 3995 liber!

319 4090 330 4105 ,
424 4025 639 4097 Adde
681 4026 1007 4099 crebram
1055 4030 1225 4098 Iesu
1284 4006 1424 4150 per
1482 4026 1846 4102 orationes
1908 4023 2366 4120 provocatio-

268 4151 444 4200 nem
493 4128 589 4202 ad
638 4126 738 4205 τὸ
799 4124 1030 4239 ἔργον
1094 4153 1167 4202 v.
1221 4125 1327 4204 τὰ
1371 4121 1607 4236 ἔργα,
1698 4155 1761 4204 a
1791 4127 2121 4203 Numine
2164 4150 2371 4201 man·
2440 4130 2455 4151 ¹
