2791 4761
1037 289 1293 390 *-···
1380 295 1532 378 48²
1636 315 1876 362 «ι’-

408 473 564 532 otus
625 473 704 530 et
767 477 906 554 per
971 453 1348 554 longiores
1395 450 1816 568 parabolas,
1893 467 1974 527 et
2035 411 2173 552 per
2233 423 2531 527 concisa
2590 461 2605 482 '

409 557 854 634 sententiose
919 559 1149 649 dicta,
1234 558 1576 656 exempla
1652 549 2093 678 planosquue
2125 580 2527 629 sermones.

410 667 515 736 Ut
560 661 924 778 particeps
982 661 1112 736 fias
1160 661 1750 750 communionis,
1819 658 2224 758 requiritur
2269 681 2531 729 severe

411 765 701 837 animus
751 769 1016 863 purus,
1069 768 1480 854 modestus,
1537 763 1837 836 virtutis
1881 787 2169 852 amans,
2220 760 2310 831 ad
2363 766 2528 831 Nu-

409 873 582 940 r‘nen
635 883 939 942 erectus.
1053 867 1217 940 Erit
1266 868 1467 939 enim
1517 883 1762 938 sancta
1826 868 2151 938 societas.
2249 864 2529 933 Exclu-

227 1022 234 1028 ,
303 1031 304 1034 ,
408 969 609 1046 ditur
657 987 1009 1067 perpetua
1054 971 1221 1065 lege
1250 969 1463 1042 turba
1506 968 2106 1057 inhumanorum,
2157 963 2525 1036 natalium

408 1073 798 1170 splendore
848 1089 933 1142 ut
981 1074 1216 1191 gentis
1267 1071 1768 1169 praerogativa
1815 1070 2332 1168 gloriantium,
2397 1066 2525 1138 de-

405 1171 693 1246 fectum
744 1173 1058 1247 caritatis
1114 1175 1434 1250 aliorum
1497 1174 1671 1246 vani
1744 1176 1986 1245 cultus
2037 1169 2347 1254 fallaciis
2401 1192 2525 1239 ce-

401 1274 752 1348 lentium.
862 1276 1311 1367 Μετανοίας
1394 1271 1513 1347 u'ti
1590 1275 1928 1375 princeps
2005 1272 2518 1370 praeconium,

402 1377 507 1450 ita
554 1401 842 1450 summa
903 1377 1229 1457 conditio
1298 1395 1430 1451 est.
1496 1415 1602 1434 -—
1651 1384 1855 1449 Item
1890 1383 2257 1450 Ioannem
2311 1372 2521 1445 Chri·

404 1497 556 1556 stus
604 1477 885 1576 flagitat
935 1505 975 1553 a
1020 1480 1392 1552 sodalibus
1439 1482 1648 1577 regni
1695 1480 1879 1568 Dei,
1954 1498 2043 1550 ut
2094 1480 2342 1549 denuo
2391 1496 2522 1546 na·

403 1600 698 1653 scantur
746 1607 879 1677 per
923 1579 1268 1682 spiritum
1319 1583 1978 1682 (regenerationem
2029 1580 2517 1677 spiritalem),

404 1682 532 1755 sed
573 1683 887 1755 abstinet
914 1709 954 1755 a
983 1685 1479 1785 singulorum
1474 1686 1667 1758 vitae
1704 1700 2258 1787 praeceptorum
2310 1704 2516 1751 com-

401 1785 937 1858 mendatione.
959 1790 1227 1860 Fides
1291 1789 1439 1860 Dei
1503 1786 1708 1878 filio,
1796 1785 2017 1859 misso
2061 1785 2143 1857 in
2193 1785 2511 1857 salutem

277 1963 284 1976 ,
398 1888 790 1984 vitamque
832 1884 980 1961 τοῦ
1025 1891 1376 1984 κόσμου,
1466 1890 1713 1963 habita
1764 1889 2086 1962 cernitur
2133 1873 2513 1998 personae,-

398 1989 618 2078 vitae,
652 1990 1130 2086 disciplinae
1106 2018 1184 2063 ιιι
1213 1991 1443 2064 animi
1476 1993 1786 2066 sacrario
1813 1992 2043 2080 cultu,
2086 2014 2127 2061 a
2169 1995 2322 2086 quo
2352 2013 2509 2060 non

399 2092 771 2165 discedere
827 2090 939 2166 fas
981 2109 1095 2170 est
1161 2119 1372 2186 eum,
1474 2095 1607 2194 qui
1654 2089 1749 2168 ad
1798 2092 2255 2175 consortium
2326 2111 2506 2168 cum

395 2187 563 2269 Deo
617 2194 1056 2296 Christoque
1105 2215 1538 2295 perpetuum
1577 2170 1916 2295 adspirat.

539 2347 839 2423 1v.10
892 2367 1143 2445 coetus
1205 2376 1303 2424 ex
1365 2353 1752 2456 synoptici
1828 2347 2097 2424 Christi
2141 2346 2502 2427 sententia

393 2474 548 2523 ιιοιι
585 2450 737 2531 nisi
788 2452 982 2525 intra
1023 2456 1432 2528 humanum
1474 2479 1701 2555 genus
1739 2450 2010 2527 finibus
2056 2451 2506 2526 circumscri-

391 2536 638 2642 bitur,
705 2537 1051 2671 quamvis
1104 2557 1259 2629 eius
1306 2555 1788 2630 fundamenta
1836 2557 2022 2631 iacta
2078 2556 2262 2644 sint,
2339 2579 2505 2627 ιιοιι

388 2654 549 2727 sine
596 2656 922 2752 sapiente
973 2674 1401 2754 temporum
1452 2678 1528 2734 et
1592 2661 1935 2743 locorum
1977 2675 2350 2754 respectu,
2418 2656 2501 2737 iu

210 2781 228 2801 ·
299 2749 303 2753 ⁴
390 2779 567 2851 agro
648 2761 1082 2857 populoque
1158 2762 1479 2837 Iudaico.
1628 2762 1874 2834 Prima
1962 2761 2500 2858 discipulorum

311 2877 315 2887 ’
384 2859 927 2933 Messianorum
977 2864 1252 2961 le‘gntio
1300 2864 1540 2938 tendit
1587 2864 1669 2938 in
1715 2866 2279 2939 Palaestinenses
2329 2887 2501 2961 pro·

385 2960 661 3035 vincias
705 2964 794 3035 ad
840 2966 1158 3061 perditas
1208 2991 1386 3040 oves
1431 2952 1698 3040 domus
1744 2966 2062 3039 Israelis.
2136 2968 2362 3038 altera
2419 2982 2498 3036 et

381 3063 873 3156 nobilissima,
924 3091 968 3142 a
1013 3068 1468 3144 valedicente
1516 3069 1786 3144 Messia
1836 3069 2184 3159 iniuncta,
2234 3070 2328 3140 ad
2373 3092 2495 3139 or-

380 3165 497 3239 bis
572 3166 1066 3242 incolam-1⁸
1135 3169 1305 3244 finis
1386 3174 1630 3268 operis
1711 3171 2103 3251 Messiani
2115 3169 2210 3243 in
2273 3169 2494 3242 terris

378 3262 553 3341 fuit'.
610 3310 717 3326 --·
764 3276 1130 3346 Ioannou-s
1184 3274 1512 3347 Christus
1556 3273 1802 3347 filium
1850 3275 1994 3347 Dei
2040 3274 2118 3344 in
2171 3274 2487 3345 salutem

376 3371 762 3470 vitamque
807 3377 1068 3447 mundi
1110 3375 1419 3449 missum
1452 3375 1844 3450 itentidem
1896 3375 2294 3463 affirmans,
2334 3373 2489 3446 coi-

374 3492 458 3545 re
501 3477 672 3546 vult
731 3474 931 3548 orbis
991 3496 1252 3573 gentes
1316 3478 1733 3578 (uu-,iusque
1790 3479 2008 3555 cratis
2059 3480 2275 3570 oves)
2340 3475 2481 3549 sub

373 3577 720 3703 dominio
758 3578 1070 3676 spiritali
1121 3604 1825 3655 su0.1
1858 3632 1861 3637 ·
2069 3633 2091 3666 x

522 3735 611 3799 V.
707 3732 1116 3805 Mosaicam
1176 3733 1421 3833 legem
1474 3751 1862 3809 veneratur
1913 3732 2238 3808 Christus
2287 3737 2477 3834 Syn-

370 3833 653 3946 opticus
698 3851 1246 3929 praeparantem
1294 3835 1554 3909 multis
1605 3837 1846 3911 modis
1889 3861 2028 3933 per
2074 3854 2473 3931 auctorem,
2524 3872 2531 3875 ἡ

369 3951 911 4054 conservatores
965 3933 1677 4038 amplificatoresque
1726 3941 2120 4037 prophetas
2168 3937 2472 4012 Messra·

366 4056 546 4105 num
591 4034 1040 4108 institutum.
1153 4046 1218 4112 A
1248 4042 1530 4160 glossis
1582 4040 2064 4130 scholasticis,
2145 4040 2301 4137 legi
2346 4041 2469 4111 ad·

369 4133 608 4227 iestis,
636 4161 860 4239 quas
899 4084 1195 4214 fortiter
1240 4142 1693 4246 impugnat,
1760 4144 1857 4287 ad
1910 4144 2251 4220 animum
2311 4139 2463 4216 ani-
