2791 4761
1207 325 1351 400 ιω

214 478 627 569 ‘orandauu
715 477 1260 566 stabiliendam,
1301 478 1834 574 ‘ampliandam
1883 479 2340 557 -societatem
2393 526 2396 531 ·

230 608 497 657 amam.v
575 582 732 654 Fiet
779 582 1205 677 superstite,
1258 581 1782 676 quae,Christo
1829 582 2151 680 aequalis
2204 601 2337 675 est,
2447 674 2452 683 ί

234 687 634 777 hominum
684 685 1073 779 progenie,
1149 683 1542 753 Messiana‘
1578 683 1903 769 doctrina
1969 702 2139 757 ante
2203 706 2337 783 per
2419 686 2440 695 ’

228 810 627 884 praecones
675 787 1068 882 discipulos
1120 784 1198 856 in
1251 785 1519 856 dissitis
1590 785 1788 856 orbis
1836 786 2162 882 partibus
2215 814 2337 899 pa·
2417 835 2425 847 ·

106 970 123 979 p
220 887 522 965 tefficta.
628 890 894 960 Redux
943 888 1233 961 divinus
1293 890 1576 982 legatus
1627 890 1933 961 Messias
1976 886 2335 1009 (mortuis

232 991 593 1065 suscitatis
611 988 676 1080 ¹²)
776 990 1175 1075 iudicium,
1258 991 1408 1063 Dei
1453 989 1612 1060 vice
1661 1006 1738 1060 et
1788 990 2179 1113 auspiciis,
2237 995 2333 1066 de

235 1091 440 1165 orbis
493 1108 845 1164 terrarum
919 1091 1259 1191 gentibus
1322 1090 1644 1163 habebit.
1786 1098 2017 1163 Suum
2067 1096 2333 1192 cuique
2405 1160 2408 1165 .

235 1218 376 1290 pro
427 1195 574 1266 vita
650 1197 773 1266 vel
824 1194 1054 1290 probe
1113 1210 1188 1264 et
1256 1193 1347 1263 ad
1398 1192 1543 1264 Dei
1626 1183 2121 1282 voluntatem,
2185 1199 2354 1277 vel·

228 1297 736 1368 inhumaniter
800 1313 954 1366 acta
1020 1294 1409 1367 tribuetur.
1539 1301 1734 1368 Nam
1790 1321 1990 1368 nunc
2005 1299 2334 1372 advenit
2421 1350 2427 1357 -

230 1416 527 1493 tempus
572 1398 988 1471 secernendi
1037 1396 1331 1491 proboS,
1384 1421 1569 1492 quos
1616 1399 1962 1470 ad‘suum
2012 1399 2333 1481 reditum

230 1497 899 1596 vivere-improbis
949 1499 1222 1570 mixtos
1269 1500 1512 1570 voluit
1559 1501 1906 1590 MessiaS,
1998 1527 2092 1573 ne
2144 1520 2328 1575 tem·

166 1595 185 1609 ‘
231 1614 374 1698 pus
418 1604 519 1672 ·ad
575 1603 1150 1698 resipiscendum
1216 1601 1538 1686 deesset,
1640 1628 1825 1674 neve
1874 1625 2019 1675 una
2073 1598 2330 1679 exstir·
2407 1624 2412 1629 '

234 1721 585 1798 parentur
642 1707 842 1777 malo
908 1704 1229 1797 pruritu,
1325 1703 1456 1799 qui
1507 1704 1830 1777 melioris
1890 1704 2325 1799 indolise8·

236 1822 418 1876 sent.
521 1811 629 1877 Ita
671 1804 998 1877 iudiciali
1043 1805 1505 1901 sospitatoris
1542 1810 1736 1877 voce
1779 1806 1960 1878 boni
2004 1824 2079 1878 et
2118 1809 2331 1880 mise-

237 1908 552 1996 ricordes
596 1909 680 1978 in
732 1908 961 1978 vitam
1030 1931 1468 2002 perennem,
1550 1908 2093 2004 percipiendam
2138 1910 2328 1983 intra

235 2009 446 2104 regni
474 2008 731 2079 divini
780 2007 999 2095 fines,
1052 2007 1532 2102 recipientur,
1611 2010 1977 2107 improbi
1996 2028 2073 2081 et
2113 2013 2331 2083 inhu-

164 2146 179 2201 j
239 2110 439 2209 mani
486 2113 871 2180 Gehennae
918 2108 1406 2182 infernalibus
1471 2109 1800 2234 ignibps,
1883 2113 2147 2207 paratis
2209 2120 2329 2189 Sa·

238 2198 451 2282 tanae
498 2212 804 2306 eiusque
854 2207 1363 2300 satellitibus,
1432 2212 1725 2283 aeterno
1776 2214 2141 2308 supplicio
2184 2231 2332 2286 tra-

122 2322 133 2329 “
243 2314 528 2386 dentur.
620 2308 1123 2432 (Matthaeus.)
1214 2296 1730 2408 Redintegrata
1780 2338 2027 2414 rerum
2078 2317 2333 2402 huma-

241 2439 500 2487 narum
555 2413 741 2486 facie
791 2416 871 2486 in
933 2417 1142 2487 novis
1211 2415 1419 2515 terris
1486 2415 1624 2487 sub
1691 2417 1903 2488 novis
1969 2419 2190 2488 coelis
2237 2417 2330 2489 ad

239 2520 487 2614 legem
550 2518 993 2590 Messianam
1068 2509 1383 2588 vivetur.
1475 2517 1714 2590 Nam
1779 2535 2062 2589 certum
2130 2543 2333 2613 prae-

242 2621 477 2692 mium
529 2618 759 2690 animi
806 2620 1010 2696 linter
1071 2619 1362 2691 dolores
1421 2620 1988 2716 vexationesque
2047 2628 2209 2692 Deo
2257 2635 2335 2693 et

240 2721 532 2795 'Christo
584 2722 815 2792 dediti
861 2725 1009 2793 vita
1061 2723 1531 2808 aeterna'est,
1581 2745 1731 2818 quo
1781 2721 2069 2794 iure-et
2118 2722 2336 2794 bene·

198 2822 412 2898 &ficio
475 2846 624 2894 non
685 2820 1305 2894 defraudabantur
1360 2820 1589 2894 fortes
1654 2839 1728 2892 et
1790 2825 2066 2895 strenui
2130 2829 2336 2916 Mes·
2425 2877 2442 2892 t

245 2925 484 3028 sianae
551 2924 979 3018 disciplinae
1060 2926 1399 2995 cultores·
1532 2929 1753 3020 Quae·
1798 2924 1953 2995 vita
2017 2926 2337 3022 quoties·

148 3035 157 3046 “
246 3049 533 3121 cunque
595 3025 1090 3121 promittitur,
1185 3025 1341 3096 eius
1404 3022 1726 3112 fructus,
1797 3050 1946 3122 quo
2015 3028 2338 3099 laetitiae

247 3143 539 3201 constet
576 3151 879 3224 genere,
965 3152 1117 3199 non
1165 3112 1476 3197 facunde
1530 3126 1968 3222 exponitur,
2051 3130 2176 3199 sed
2229 3152 2340 3200 sa·

168 3315 179 3323 ⁸
247 3231 534 3327 pienter
581 3228 963 3312 reticetur3
1057 3251 1194 3298 nec
1260 3245 1506 3300 tamen
1576 3231 1837 3299 desunt
1900 3228 2168 3301 indicia
2237 3253 2337 3301 ex

184 3421 189 3430 ι
250 3330 579 3428 analogia
632 3330 1050 3442 disciplinae
1118 3331 1369 3419 ducta,
1460 3331 1726 3402 mentis
1758 3329 2153 3428 animique
2203 3330 2335 3403 bo-

246 3459 516 3506 norum
564 3432 1009 3504 incrementa
1060 3456 1211 3504 esse
1261 3429 1734 3529 exspectanda
1798 3448 1873 3502 et
1927 3432 2341 3505 honestissi-
2389 3485 2394 3494 -

251 3537 357 3607 mi
402 3534 696 3607 virtutis
762 3534 1102 3608 desiderii
1166 3552 1541 3630 compotes
1603 3530 1894 3606 futuros
1956 3534 2145 3606 Dei
2164 3534 2352 3610 ami·-

254 3662 394 3711 cos,
512 3644 852 3735 Quocum
917 3652 1228 3733 pugnat,
1316 3636 1517 3732 quod
1570 3634 1751 3707 alibi
1820 3660 1859 3706 a
1915 3637 2203 3709 Christo
2250 3637 2341 3708 a'd

253 3762 421 3810 suos
472 3738 915 3833 promissum
963 3736 1321 3826 refertur,
1406 3738 1499 3809 de
1559 3737 1770 3834 regni
1816 3740 2163 3812 Messiani
2212 3763 2348 3812 vn.-

251 3840 655 3934 luptatibus
703 3862 951 3913 sensus
998 3839 1319 3914 suaviter
1366 3838 1902 3930 afficientibuS,
1950 3859 2026 3913 et
2076 3843 2166 3913 ad
2217 3861 2367 3937 pom

255 3943 510 4050 pularp
562 3942 943 4038 ingenium
989 3918 1323 4014 formatis
1362 3942 1599 4038 deque
1652 3943 2018 4013 honorum
2068 3943 2350 4038 cupidi-

196 4127 205 4138 Ι
256 4061 404 4113 tate
476 4042 764 4142 abunde
844 4044 1226 4139 explenda.
1366 4045 1548 4114 Inde
1623 4046 1749 4116 vel
1844 4049 2348 4117 statuendumt

265 4145 445 4217 haec
484 4145 878 4241 sapientiae
943 4145 1209 4217 Christi
1276 4145 1597 4217 doctoris
1656 4145 1950 4235 deberi,
2024 4163 2113 4217 ut
2164 4141 2351 4217 revi-

1754 4257 1925 4325 29¹·

612 4441 621 4476 J
