2791 4761
1078 286 1895 390 *460*-

419 450 696 624 auin?
757 448 1078 526 Domini
1139 452 1733 546 ammanus,
1798 456 2541 535 utentiavetnsm

423 575 617 625 versi
667 576 797 624 ω’
771 604 801 631 φ

499 715 713 779 Volat
738 720 871 780 avis
908 722 1054 783 sine
1089 736 1300 799 meta,
1395 665 1552 803 Quo
1592 741 1722 786 nec
1756 739 1934 791 vates
1970 742 2103 788 nec
2135 724 2465 809 propheta

990 813 1285 876 Evolavit
1324 814 1550 879 altius.

495 905 665 1022 Tarn
678 903 1041 987 implenda,
1073 905 1576 988 quamitnpleta,
1603 875 1962 994 Nunquam
1990 910 2155 974 vidit
2181 924 2536 1022 totsecreta

984 999 1190 1061 Purus
1227 996 1430 1061 homo
1468 1004 1717 1081 purius.

575 1164 811 1238 Citius
859 1164 1331 1263 exspectaris,
1381 1181 1470 1237 ut
1521 1165 1613 1240 de
1665 1158 2039 1269 αὐθεντία
2087 1166 2300 1258 libri,
2364 1191 2533 1241 con·

423 1266 810 1343 venienter
861 1269 952 1339 ad
1002 1269 1120 1359 id,
1205 1268 1408 1385 quod
1471 1269 1968 1387 promisimus
2002 1293 2216 1366 supra
2234 1323 2256 1358 ,
2339 1270 2530 1341 dica-

421 1385 571 1443 tur.
669 1376 775 1442 At
825 1394 975 1442 non
1026 1369 1421 1468 requirent,
1472 1371 1605 1467 qui
1650 1369 2100 1465 reputarint,
2166 1370 2535 1443 aberratu-

422 1489 581 1562 ram
630 1467 734 1546 ita
792 1473 1364 1568 disputationem
1414 1498 1455 1544 a
1484 1471 1633 1548 fine
1676 1495 1834 1559 sue,
1882 1490 1957 1542 et
1989 1491 2528 1568 argumentum,

421 1571 827 1674 isagogicis
883 1575 1149 1647 scholis
1215 1574 1589 1663 debitum,
1678 1569 2216 1668 occupaturam.
2372 1579 2529 1647 Neo

424 1677 636 1748 decet
685 1702 869 1747 nos·
857 1676 1095 1747 iliada
1145 1693 1332 1795 ‘post
1382 1681 1798 1750 Homerum
1847 1674 2180 1751 scribere.
2308 1683 2526 1766 Nam,

422 1778 690 1898 quibus
760 1779 874 1851 his
934 1779 1203 1852 nostris
1256 1779 1513 1851 diebus
1564 1776 1887 1895 speciose
1944 1778 2371 1876 impugnata
2416 1795 2528 1851 est

413 1880 640 1951 armis
688 1881 1088 2002 apostolica
1134 1881 1424 1953 indoles
1468 1897 1545 1954 et
1601 1878 1939 1952 canonica
1990 1879 2166 1950 libri
2215 1881 2527 1952 auctori-

418 1998 564 2069 tas,
636 1984 929 2058 etiamsi
965 1984 1300 2086 ‘nolueris
1360 1984 1597 2055 dicere
1649 2005 1688 2053 a
1737 1984 1907 2071 lusu
1960 1980 2242 2077 ingenii
2307 1983 2527 2053 mini-

416 2101 637 2158 strata
687 2109 887 2173 esse,
986 2100 1230 2156 tamen
1282 2086 1384 2158 ita
1433 2084 1689 2160 videre
1737 2099 1848 2156 est
1899 2083 2232 2178 repulsos
2285 2084 2527 2180 impe-

417 2203 540 2260 tus
592 2178 909 2262 strenuis
960 2187 1369 2288 peritorum
1420 2186 1793 2277 vindiciis,
1870 2202 1996 2275 ut,
2069 2200 2366 2256 auctore
2415 2211 2526 2257 re-

417 2295 770 2366 tractante
841 2290 1318 2380 sententiam,
1380 2286 1769 2364 servierint
1827 2291 2129 2368 eaeternis
2195 2291 2525 2360 internis-

418 2418 564 2490 que
614 2393 1094 2490 argumentis
1118 2390 1598 2512 aequabiliter
1641 2414 1775 2488 pro
1824 2406 2022 2461 tanta
2058 2389 2170 2462 rei
2208 2391 2528 2489 antiqui.

413 2511 567 2566 tate
616 2511 1070 2591 temperatae
1133 2494 1549 2569 auctoritati
1598 2492 2061 2590 aperiendae,
2161 2497 2527 2611 utrimque

316 2658 322 2673 .
414 2598 720 2673 dicendo
774 2597 1116 2683 veritate,
1172 2622 1355 2694 quae
1412 2595 1814 2692 antiquitus
1863 2594 2141 2685 valuit,
2180 2576 2522 2669 restituta

414 2715 491 2770 et
540 2699 618 2775 in
686 2698 880 2769 clara
947 2700 1113 2770 luce
1163 2700 1422 2794 posita.
1536 2704 1732 2774 Nam
1802 2713 1888 2767 ut
1941 2702 2254 2776 externis
2320 2701 2524 2770 testi·

407 2798 682 2875 moniis
735 2799 815 2872 in
867 2800 1294 2896 exemplum
1348 2823 1728 2901 perversae
1795 2796 2166 2895 σκέψεως
2232 2798 2523 2873 histori-

333 2894 341 2902 ι
408 2926 572 2992 cae,
613 2922 821 3003 quae
869 2927 1039 2974 cum
1090 2902 1356 3001 probet
1411 2905 1751 2988 nimium,
1802 2926 1952 2971 non
2006 2918 2141 2974 est
2167 2926 2339 2973 vere
2391 2927 2521 2975 no·

403 3005 631 3078 minis
685 3004 825 3093 sui,
872 3020 1044 3085 sunt
1089 3002 1314 3091 abusi,
1365 3005 1467 3078 ita
1520 3028 1707 3124 quae
1758 3003 2047 3107 generis
2088 3006 2349 3080 interni
2397 3005 2519 3076 ad·

408 3106 784 3193 diderant‚
867 3106 1431 3229 psychologicae
1480 3105 1651 3177 artis
1704 3106 1993 3177 criticae
2046 3122 2121 3175 et
2170 3104 2518 3184 subtilio-

402 3208 504 3282 ris
571 3207 832 3281 iudicii
896 3208 975 3279 in
1040 3207 1501 3283 diiudicanda
1583 3207 1852 3279 Christi
1928 3231 2232 3302 persona
2318 3208 2512 3282 defe-

402 3330 609 3384 ctum
683 3309 1046 3406 aperiunt.
1151 3310 1502 3406 Propius
1563 3334 1763 3381 nuno
1825 3311 1912 3382 ad
1983 3308 2372 3389 indicanda
2417 3302 2511 3385 de

399 3413 676 3486 Messia
730 3428 810 3482 et
858 3411 1227 3485 Messiano
1290 3436 1524 3511 regno
1574 3410 1673 3484 in
1707 3414 1781 3485 h.
1847 3411 2231 3485 volumine
2281 3412 2513 3551 capita

394 3517 836 3590 accedimus.
1038 3532 1046 3549 ·

553 3618 903 3689 Formula
955 3613 1356 3708 βασιλείας
1392 3613 1541 3691 τοῦ
1600 3615 1795 3692 ,θεοῦ
1855 3616 1937 3688 in
1992 3616 2067 3689 h.
2117 3616 2507 3691 volumine

331 3796 352 3801 ,
396 3740 577 3790 rara.
639 3736 706 3807 3,
785 3732 852 3802 3.
901 3738 968 3805 5.
1014 3720 1106 3791 el.
1166 3738 1279 3806 ιε,
1348 3721 1466 3805 36.
1566 3725 1875 3793 Causam
1928 3743 2064 3791 nos
2114 3720 2193 3791 in
2247 3740 2337 3792 eo
2379 3742 2510 3814 po-

249 3896 257 3907 „
374 3818 611 3892 sitam
658 3821 1064 3910 credimus,
1104 3821 1303 3917 quod
1354 3812 1567 3910 liber,
1619 3846 1660 3894 a
1710 3821 1941 3919 patria
1990 3822 2505 3918 superstitione

394 3945 696 4009 aversus
760 3922 856 3995 ad
912 3924 1281 3997 liberalem
1346 3922 1764 3996 divinarum
1844 3948 2094 3996 rerum
2176 3940 2505 3996 contem-

391 4021 811 4120 plationem
873 4023 1254 4095 traducens
1337 4024 1529 4096 bene
1598 4022 1994 4113 anir'n‘atos,
2081 4050 2233 4129 non
2297 4040 2501 4096 totus

394 4123 679 4217 pendet
722 4145 770 4192 a
816 4125 1122 4200 notione
1166 4125 1620 4203 iudaioarum
1666 4126 2089 4226 originum,
2120 4118 2500 4224 praestan-

877 4288 910 4315 η.

1460 4324 1471 4355 l
